2829 3508
1859 100 1962 131 ‘'4‘'

244 117 320 162 cui
354 86 601 162 Phaedrae
632 110 843 174 epistula
871 108 1056 161 suffieit
1076 118 1124 161 et
1152 109 1271 162 haec
1302 117 1350 161 in
1382 127 1612 172 scaenw
1774 164 1777 167 ,
1814 117 1815 120 ’
1848 141 1856 156 ·
1880 137 1917 158 12
1945 94 2092 174 quam
2114 117 2260 174 igitur
2279 115 2599 162 narrationem

245 191 287 230 et
320 184 652 243 probationem
685 184 894 230 breuiter
915 183 1210 241 significauit
1235 185 1380 268 [943—
1403 184 1528 241 945],
1559 172 1773 232 Theseus
1795 182 2093 245 colloquium
2113 199 2224 232 cum
2253 183 2355 232 filio
2387 184 2600 231 instituit

243 254 304 300 ad
350 254 489 301 illum
538 256 696 313 ipsum
743 267 1025 299 conuersus:
1073 256 1150 302 δεῖς
1135 259 1195 295 ον
1235 253 1275 296 δ’
1281 287 1290 304 ,
1332 254 1469 310 ὲπ..ιόή
1507 252 1544 310 γ’
1581 254 1633 302 εἰς
1665 252 1803 310 uioesp'
1840 253 2029 312 ἐλήλυθα,
2067 254 2110 297 τὸ
2148 271 2216 297 σον
2244 253 2450 311 πρόσωπον
2480 251 2589 310 5⁸65„

244 324 413 367 ἐναντίον
444 323 557 380 πατρί
594 325 715 380 [946.
740 324 807 379 71,
839 314 928 370 filii
959 338 1114 371 mores
1147 326 1368 382 uitaeque
1401 326 1752 370 institutionem
1784 326 2010 384 increpat,
2041 338 2351 384 quaecunque
2381 321 2596 370 dicturus

248 401 334 447 cst,
368 400 580 453 occupat,
614 395 819 453 denique
851 397 1177 442 testimonium
1215 395 1350 441 affert
1390 410 1487 440 non
1528 395 1798 452 legitimum
1845 400 1891 441 et
1934 392 2171 453 probandi
2215 407 2375 447 causa,
2420 391 2504 439 sed
2550 391 2598 440 id

250 464 378 522 quod
411 466 527 509 iram
561 470 607 509 et
640 463 801 510 odium
834 466 1057 510 concitet:
1091 469 1228 521 νεκροῦ
1260 463 1446 521 παρόντος
1478 464 1667 521 μάρτυρος
1699 463 1943 521 σαφεστάτου
1978 464 2123 520 [9721.
2201 464 2476 510 meminisse
2508 477 2595 509 uos

251 535 391 580 iubeo
435 535 663 579 orationis
704 535 883 591 primae
926 533 1268 591 Antiphontis:
1314 539 1426 591 post
1457 532 1720 589 δικαιολογίαν
1751 539 1880 581 actor
1912 539 2114 592 occupat
2143 535 2209 579 rei
2240 536 2520 589 argumenta
2551 537 2597 577 et

246 602 381 648 addit
412 604 740 649 testimonium
774 601 895 647 illud
926 607 1178 660 paternum
1211 602 1482 658 religiosius
1516 617 1660 660 quam
1692 602 1914 648 ualidius
1979 607 2032 648 ut
2061 602 2177 648 haec
2208 601 2255 645 τὰ
2288 602 2382 660 πρὸς
2412 601 2476 644 τὸν
2498 599 2598 644 ἀντί-

246 675 350 714 δικον
383 678 509 722 sunt,
542 674 609 716 ita
642 671 769 729 apud
802 671 1081 730 Euripidem
1113 687 1170 717 ex
1203 673 1288 718 tali
1321 671 1636 730 dispositione
1669 675 1830 718 omnia
1862 671 2246 719 commodissime
2284 667 2594 730 explicantur.

249 741 466 799 epilogus
501 741 591 787 sub
626 740 794 786 iudicis
828 756 927 788 non
963 744 1135 787 actoris
1167 756 1371 800 persona
1400 744 1739 800 pronuntiatus
1773 741 1943 789 Thesei
1987 743 2250 789 iniustitiae
2281 740 2428 787 simul
2459 755 2596 786 accu-

248 813 398 856 santis
432 816 478 855 et
510 809 787 856 damnantis
821 827 873 857 co
905 810 1199 858 luculentius
1232 810 1569 857 documentum
1601 815 1673 856 est
1705 826 1799 869 quo
1832 811 1923 857 hoc
1955 813 2060 870 ipso
2092 811 2197 858 loco
2227 809 2446 870 epilogus
2476 809 2594 866 legi-

248 883 392 925 timus
427 881 485 926 ad
519 879 698 926 iudices
731 880 937 926 directus
969 887 1255 939 expectatur.
1332 880 1628 939 Hippolytus
1660 886 1915 939 postquam
1957 883 2003 927 in
2044 883 2286 941 prooemio
2323 879 2597 937 [983—991!

247 965 302 994 cx
338 952 452 995 artis
486 952 751 1008 praeceptis
785 966 836 995 se
867 950 1237 1004 commendauit,
1271 953 1541 997 narratione
1573 953 1752 996 omissa
1784 975 1836 980 —
1870 950 2175 997 iureiurando
2207 952 2334 995 enim
2366 947 2599 1007 quidquid

245 1019 443 1077 prodere.
474 1022 655 1065 uetitus
689 1027 759 1065 cst
797 1046 834 1052 —
880 1023 1031 1078 primo
1079 1023 1403 1066 castissimum
1452 1037 1501 1065 se
1548 1037 1652 1066 esse
1700 1022 1872 1079 probat
1907 1020 2230 1076 [991-10061,
2275 1024 2377 1065 tum
2409 1033 2437 1064 a
2468 1021 2602 1076 patre

247 1092 447 1135 certiora
478 1090 693 1148 postulat
727 1096 1009 1147 argumenta
1040 1091 1184 1147 [10081
1218 1106 1313 1136 non
1355 1090 1493 1136 aliter
1536 1107 1679 1150 quam
1727 1094 1774 1137 in
1818 1093 2028 1137 oratione
2075 1091 2242 1148 quinta
2282 1087 2601 1146 Antiphontis

248 1175 355 1204 reus
388 1162 561 1204 refutat
593 1160 893 1206 aduersarios
926 1166 1259 1217 argumentum
1282 1168 1459 1206 certum
1484 1169 1721 1217 rogantes,
1753 1164 1882 1206 reicit
1914 1175 2033 1218 quae
2058 1159 2250 1217 proferri
2272 1172 2415 1216 posse
2448 1157 2602 1212 fingit,

249 1228 453 1286 denique
485 1245 569 1286 pro
604 1233 878 1277 testimonIO
915 1230 1249 1276 iusiurandum
1281 1232 1469 1288 profert,
1503 1241 1553 1276 ut
1587 1231 1667 1277 ille
1690 1230 1817 1289 apud
1836 1229 2183 1288 Antiphontem
2217 1231 2265 1274 in
2289 1226 2451 1274 cadem
2468 1232 2601 1284 parte

249 1297 306 1343 ad
350 1301 677 1345 testimonium
718 1299 936 1346 diuinum
974 1300 1204 1357 confugit,
1246 1303 1292 1345 in
1329 1302 1420 1346 tine
1453 1300 1582 1359 quod
1614 1308 1746 1359 pater
1775 1317 1861 1360 pro
1893 1300 2179 1357 grauissimo
2222 1296 2397 1343 indicio
2439 1301 2597 1342 osten-

250 1368 397 1418 derat,
444 1372 511 1414 ita
558 1376 606 1414 ut
654 1376 811 1427 potest
859 1369 1102 1416 debilitat:
1152 1386 1331 1416 nouum
1381 1373 1524 1427 igitur
1568 1370 1725 1428 prodit
1773 1368 2044 1427 exemplum
2083 1370 2155 1410 τῶν
2197 1367 2288 1424 πρὸς
2319 1366 2382 1409 τὸν
2414 1364 2602 1408 ἀντίδικον

253 1439 439 1493 noes—
456 1439 602 1493 10351.

459 1507 515 1553 In
546 1506 744 1555 Hecuba
777 1509 1078 1568 Polymestor
1110 1509 1343 1556 narrando
1378 1514 1562 1556 tantum
1597 1514 1804 1561 accusat,
1853 1509 2110 1567 respondet
2140 1506 2337 1553 Hecuba
2379 1504 2601 1551 omnibus

251 1580 365 1623 artis
399 1577 617 1625 remediis
651 1578 893 1626 adhibitis.
971 1586 1175 1627 ceterum
1218 1580 1263 1627 id
1303 1580 1515 1628 notabile
1557 1585 1601 1625 et
1643 1581 1757 1625 artis
1793 1576 2079 1638 Euripideae
2119 1577 2364 1636 proprium
2407 1587 2503 1620 rem
2536 1574 2603 1619 ita

252 1650 523 1696 institutam
557 1665 659 1696 esse
682 1656 732 1696 ut
760 1650 1059 1710 Polymestor
1091 1655 1179 1698 etsi
1214 1658 1341 1698 actor
1374 1658 1417 1697 et
1450 1654 1602 1711 priore
1634 1651 1739 1698 loco
1773 1650 1933 1696 (licens
1959 1647 2161 1695 similior
2198 1649 2262 1693 sit
2298 1648 2378 1696 rei,
2409 1644 2605 1691 Hecuba

253 1734 362 1764 uero
398 1722 550 1776 magis
584 1720 720 1765 illum
754 1728 941 1766 accuset
976 1737 1116 1780 quam
1152 1739 1201 1767 se
1234 1726 1387 1781 ipsam
1421 1722 1654 1768 defendat.
1709 1723 1949 1779 prooemio
1984 1721 2049 1764 ita
2081 1721 2313 1764 instructo
2348 1721 2401 1761 ut
2432 1716 2602 1759 actoris

253 1789 393 1835 fidem
446 1789 591 1836 iudici
643 1790 839 1837 dubiam
890 1793 1035 1837 faciat
1090 1793 1441 1849 [1187-—1194L
1494 1791 1631 1837 illum
1681 1807 1776 1837 non
1810 1790 2106 1836 Achiuorum
2159 1787 2243 1833 sed
2292 1786 2413 1832 lucri
2460 1797 2605 1830 causa

257 1859 373 1916 1)·01)
379 1858 546 1904 dorum
577 1875 770 1905 necasse
803 1862 975 1918 probat
1011 1863 1201 1918 11196
1214 1864 1343 1917 12071
1382 1888 1434 1892 ——
1468 1861 1590 1907 nihil
1614 1868 1713 1906 erat
1737 1860 1863 1919 quod
1888 1864 2145 1905 narraret
2183 1872 2324 1907 eum
2334 1856 2606 1938 suspicioni

253 1929 352 1973 doli
399 1930 513 1974 mali
558 1930 698 1975 ualde
740 1933 1002 1977 obnoxium
1044 1949 1147 1978 esse
1192 1932 1522 1988 inttrrogando
1573 1931 1782 1977 ostendit
1831 1956 1882 1961 —-
1929 1945 2031 1974 ecce
2077 1946 2123 1970 τα
2172 1928 2263 1983 τρὸς
2308 1926 2371 1968 τὸν
2417 1922 2497 1967 ἀντῖ
2502 1926 2605 1966 'hm‘

257 1999 609 2053 {1208-12161,
658 2015 749 2057 qua
797 2008 930 2058 parte
976 2006 1121 2047 mira(
1168 2010 1213 2047 et
1261 2002 1502 2048 inauditae
1541 2001 1801 2046 aduersalii
1845 2001 2050 2044 rationes
2091 2013 2193 2042 esse
2225 1996 2318 2041 dici
2350 1993 2508 2040 solent
2542 2018 2576 2022 -

255 2067 459 2113 adnectit
510 2070 764 2126 opprobria
811 2073 1052 2123 acerrima,
1098 2071 1148 2119 ὡς
1181 2076 1319 2128 φανῇς
1351 2070 1468 2118 κακός
1505 2070 1683 2126 112171,
1725 2075 1778 2115 ut
1817 2069 1905 2115 hoc
1948 2073 2068 2113 certe
2112 2067 2217 2114 loco
2251 2067 2378 2111 iusta
2410 2068 2455 2107 et
2485 2062 2603 2118 legi-

255 2139 371 2183 tima
416 2136 711 2194 ἀντικατηγορία
756 2139 929 2186 euadat
980 2141 1332 2196 [mlv-42:321.
1380 2140 1584 2198 denique
1635 2138 1836 2192 iudicem
1886 2137 2108 2184 audacter
2154 2141 2198 2181 et
2247 2137 2510 2191 increpans
2557 2135 2604 2176 et

255 2205 511 2252 blandiens
543 2206 806 2266 alloquitur
841 2210 1148 2265 11232-1237
1167 2211 1192 2266 Ι.

463 2276 688 2324 Summae
737 2281 851 2325 artis
895 2282 1125 2327 oratoriae
1172 2281 1412 2339 praeclara
1450 2283 1612 2327 insunt
1646 2278 1863 2337 exempla
1896 2279 2053 2323 Oresti
2098 2274 2304 2326 fabulae,
2352 2274 2435 2319 ubi
2470 2277 2608 2330 poeta

256 2360 400 2391 senex
433 2353 480 2392 et
510 2350 691 2405 patriae
723 2349 993 2395 calamitate
1024 2351 1219 2408 publica
1250 2357 1293 2396 et
1328 2350 1510 2396 inuidia
1542 2352 1729 2408 priuata
1762 2361 1855 2406 qua
1877 2353 2018 2405 poeta
2039 2348 2205 2391 comici
2235 2359 2341 2389 eum
2363 2356 2610 2390 uexauere,

257 2418 559 2472 perturbatus
595 2420 658 2462 ita
692 2432 807 2462 sanc
840 2434 889 2463 se
910 2422 1030 2474 gerit
1053 2426 1105 2465 ut
1138 2422 1326 2478 probari
1350 2436 1447 2465 non
1480 2422 1648 2477 possit,
1681 2419 1763 2463 scd
1785 2417 2147 2463 admirationem
2179 2429 2275 2459 non
2299 2416 2401 2458 sine
2423 2413 2606 2457 miseri-

257 2485 416 2530 cordia
437 2501 738 2545 sunnnopcre
771 2496 1111 2546 pr01m=reatur;
1145 2496 1325 2536 tantam
1360 2492 1455 2535 uim
1485 2491 1663 2545 ingenii
1699 2491 1746 2534 in
1770 2488 1982 2533 moribus
2007 2487 2257 2531 hominum
2281 2479 2609 2541 depingendis,

259 2557 305 2599 in
339 2558 465 2599 uitae
498 2566 787 2614 naturaeque
821 2558 1058 2604 humanae
1091 2562 1439 2612 obseruatione,
1474 2562 1521 2604 iu
1554 2560 1801 2603 affectibus
1833 2556 2128 2601 concitandis
2151 2555 2400 2612 praestitit.
2459 2564 2610 2607 neque

258 2631 354 2670 tam
387 2625 476 2669 hoc
509 2628 556 2670 in
591 2641 643 2670 co
678 2627 1048 2684 uituperandum
1082 2629 1294 2675 fabulam
1328 2629 1601 2685 Aeschylea
1632 2627 1928 2673 sublimitate
1961 2629 2098 2683 quasi
2131 2629 2362 2670 sacratam
2404 2624 2472 2666 ita
2508 2634 2612 2665 esse

258 2698 506 2740 tractatam
555 2698 691 2752 quasi
729 2710 874 2741 causa
905 2700 967 2743 sit
1000 2702 1047 2745 in
1080 2701 1179 2746 foro
1213 2704 1258 2745 et
1292 2716 1319 2744 a
1350 2697 1604 2744 causidicis
1645 2696 1842 2753 agenda,
1889 2695 1972 2741 sed
2010 2710 2116 2741 eum
2150 2697 2308 2752 ipsum
2340 2704 2530 2737 curasse
2563 2695 2615 2733 ut

259 2764 489 2822 Aeschyli
523 2767 786 2813 immemori
819 2783 922 2814 csse
955 2773 1132 2816 nemini
1164 2770 1314 2815 liceat.
1369 2784 1426 2814 ne
1454 2776 1612 2815 tamen
1644 2769 1836 2822 longius
1866 2767 2090 2817 aberrem,
2124 2767 2171 2810 in
2202 2763 2455 2808 certamine
2476 2758 2605 2817 Tyn-

258 2834 385 2879 darei
418 2840 463 2879 ct
495 2836 678 2882 Orestis
712 2837 792 2883 ille
824 2838 952 2885 filiae
985 2842 1191 2886 iniustae
1224 2839 1378 2885 scelus
1413 2853 1538 2884 nouo
1572 2843 1616 2883 et
1649 2839 1844 2883 immani
1881 2836 2054 2881 scelere
2077 2836 2235 2879 inuste
2256 2834 2479 2890 punitum
2512 2844 2614 2874 esse

257 2911 512 2962 postquam
546 2922 640 2952 non
663 2909 766 2953 sine
788 2912 1099 2956 conuersionc
1122 2910 1180 2955 ad
1206 2909 1404 2955 iudicem
1431 2909 1555 2954 facta
1576 2914 1621 2954 et
1643 2908 1745 2953 loco
1770 2908 2011 2953 communi
2034 2903 2091 2949 de
2113 2903 2302 2949 iudiciis
2325 2899 2612 2960 capitalibus

262 2977 435 3020 inserto
468 2977 694 3034 probauit
721 2979 874 3033 [491-Ἴ
889 2980 997 3034 5251
1024 2983 1139 3025 etin
1172 2981 1280 3031 fine,
1314 2984 1366 3024 ut
1398 2980 1450 3024 fit
1484 2978 1610 3036 apud
1644 2976 1936 3034 Euripidem,
1965 2973 2024 3019 ad
2049 2973 2096 3018 id
2128 2975 2287 3031 ipsum
2320 2970 2458 3016 rediit
2487 2969 2614 3015 unde

261 3048 451 3092 initium
487 3050 624 3104 cepit,
666 3049 724 3094 ad
758 3051 991 3095 iustitiam
1024 3055 1067 3095 ct
1100 3050 1244 3106 leges,
1278 3050 1438 3095 subito
1473 3054 1525 3094 ut
1556 3062 1736 3094 nouum
1769 3044 1883 3104 quid
1915 3045 2061 3102 incipi
2092 3045 2334 3101 appareat,
2378 3042 2427 3085 in
2462 3040 2612 3097 ipsius

261 3120 443 3163 Orestis
456 3118 783 3165 crudelitatem
802 3120 1061 3173 inuehitur,
1073 3119 1243 3165 deinde
1264 3119 1431 3165 iisdem
1449 3119 1541 3163 fere
1560 3118 1717 3162 uerbis
1737 3115 1911 3173 quibus
1930 3111 2227 3171 Hippolytus
2246 3112 2296 3156 in
2318 3108 2482 3156 eodem
2506 3122 2609 3154 ora-

261 3189 406 3235 tionis
423 3187 528 3233 loco
547 3189 696 3234 utitur
711 3213 758 3219 —
776 3189 880 3234 thEv
897 3187 999 3233 ὖόὗν
1016 3189 1162 3246 λόγοισι
1179 3190 1254 3236 τοῖς
1273 3190 1375 3245 ἐμοῖς
1392 3187 1603 3244 ὁμορροθεῖ
1619 3186 1713 3242 [Or.
1726 3185 1823 3239 530]
1840 3189 1887 3229 et
1901 3183 1943 3224 ἓν
1959 3182 2005 3225 οὐ
2022 3182 2200 3224 λέλεκται
2219 3184 2289 3222 τῶν
2307 3180 2417 3235 ἐμῶν,
2426 3178 2473 3220 τὰ
2491 3174 2611 3219 δ’ἅλὶῖ

261 3264 364 3325 35²³
390 3261 554 3321 [Hipp.
571 3261 703 3318 1021]
729 3287 777 3291 --—
798 3261 1006 3308 adnectit
1029 3261 1352 3308 testimonium
1378 3272 1435 3304 ex
1454 3258 1790 3317 superstitione
1813 3256 2015 3315 petitum
2034 3252 2174 3312 quale
2196 3253 2297 3297 eius
2320 3250 2469 3309 partis
2493 3262 2612 3306 quae
