2829 3508
2544 0 2606 66 ¹15*

253 141 304 188 in
334 129 494 199 ipsum·
526 128 867 182 aduersarium
890 124 1003 181 mue
1348 121 1368 134 ⁸
1369 112 1519 194 (ιιιιιιιι
1548 120 1793 194 probandi
1833 149 1979 183 causa
2009 112 2316 193 dirigebatur.
2350 138 2594 195 proprium

255 210 403 256 fuisse
432 203 699 263 compluria
729 193 948 262 exempla
978 188 1241 264 hucusque
1255 219 1307 251 se
1338 203 1563 251 obtulere.
1610 204 1797 264 epilogo
1831 205 2000 252 iudicis
2023 205 2285 253 admonitio
2309 211 2356 252 et
2377 208 2592 265 repetitio

254 293 362 324 cum
404 272 755 322 misericordiae
796 276 1110 319 commotione
1149 277 1417 321 continetur
1462 275 1624 330 [534—
1628 275 1751 330 5411.
1829 275 2011 321 Orestis
2056 274 2114 320 de
2160 279 2401 333 prooemio
2449 291 2595 334 supra

255 346 512 404 disputaui.
589 345 638 389 in
683 344 966 401 probatione
1013 342 1140 401 quod
1186 350 1516 401 argumentum
1563 343 1678 390 olim
1725 344 1996 402 Aeschylus
2044 343 2279 397 adhibuit,
2341 345 2595 404 Euripides

255 414 605 461 debilissimum
639 427 742 458 esse
772 415 970 466 censuit,
1003 412 1286 470 dignitatem
1327 418 1571 473 paternam
1614 418 1853 460 maternae
1895 428 1998 460 esse
2036 414 2417 473 anteponendam
2460 417 2595 462 initio

254 482 539 530 collocatum
570 487 654 528 est.
718 482 917 528 alterum
951 497 1008 528 ex
1039 486 1203 529 matris
1234 483 1468 530 adulterio
1500 483 1806 541 desumptum
1847 489 1982 530 caute
2013 484 2236 537 adnectit,
2278 487 2344 530 ita
2375 490 2512 531 caute
2545 491 2596 531 ut

255 567 305 598 se
350 554 494 611 impie
540 554 693 609 egisse
740 555 909 598 iterum
956 552 1250 599 confiteatur.
1331 559 1586 611 postquam
1633 555 1699 598 ita
1744 556 1871 599 uiam
1919 555 2011 599 sibi
2060 554 2180 608 fecit,
2227 556 2320 600 iam
2368 554 2597 600 audacius

257 621 447 667 effertur
477 621 536 667 ad
568 622 680 667 facti
712 621 970 667 utilitatem
1011 622 1256 680 publicam
1298 621 1613 674 laudandam;
1659 628 1762 667 tum
1795 622 1990 682 *demum
2033 629 2229 669 matrem
2273 626 2371 669 iure
2413 638 2597 669 caesam

254 706 357 737 csse
391 690 535 736 audet
563 690 780 749 proferre,
813 690 1111 737 ualidissimo
1144 696 1437 747 argumento,
1468 693 1615 749 patris
1639 692 1875 743 manibuS,
1908 694 1956 737 in
1989 692 2080 738 tine
2111 692 2356 739 collocato.
2419 708 2476 738 cx
2522 709 2597 740 reo

254 760 422 807 timido
469 766 515 806 et
558 775 719 806 senem
767 763 918 807 uerito
965 763 1143 807 sensim
1187 760 1618 819 pedetemptimque
1660 763 1851 807 transiit
1891 763 1939 806 in
1978 776 2228 819 personam
2273 762 2442 809 ultoris
2475 766 2598 809 iuste

255 829 470 877 audacis:
503 831 597 876 iam
630 832 747 876 satis
779 830 981 876 fiduciae
1014 831 1107 876 sibi
1137 832 1326 889 parauit
1358 836 1411 876 ut
1443 830 1566 877 ultro
1600 830 1726 888 quod
1766 846 1823 876 ex
1865 833 1978 876 artis
2017 833 2278 889 plaeceptis
2317 834 2599 916 probatione

254 906 442 959 peracta
473 900 574 946 fieri
606 899 759 954 debet,
796 907 999 946 actorem
1030 906 1162 959 petat
1196 900 1351 956 [5851ε
1401 918 1444 943 συ
1476 918 1532 943 το.
1570 916 1645 957 qm
1632 900 1761 948 εόσας
1803 903 1867 943 010
1862 900 1984 958 φέρ’
2020 898 2052 943 ὠ
2088 902 2209 958 χεῦον,
2241 903 2363 957 κακὴν
2394 902 2598 952 ἀπόὶεσοὶς

257 986 317 1027 ηε,
349 973 548 1029 antiqua
579 977 624 1016 et
645 970 1023 1017 Atheniensibus
1055 971 1174 1016 bene
1205 977 1320 1015 nota
1341 970 1598 1016 Stesichori
1620 970 1783 1016 fabula
1813 972 1862 1014 in
1891 974 2127 1028 specimen
2159 974 2449 1018 nouissimae
2481 977 2597 1018 artis

258 1042 491 1088 oratoriae
541 1045 841 1086 commutata.
921 1040 1110 1086 additur
1160 1039 1446 1098 exemplum.
1495 1043 1561 1086 sic
1610 1045 1661 1085 ut
1709 1042 1756 1085 in
1804 1043 2012 1086 oratione
2060 1043 2226 1098 quinta
2280 1042 2595 1100 Antiphontis

260 1111 478 1170 exempla
514 1116 868 1169 proponuntur:
909 1110 1126 1156 clausula
1167 1110 1243 1155 hic
1285 1125 1471 1168 quoque
1500 1110 1556 1155 fit
1587 1111 1858 1155 testimonio
1892 1110 2068 1156 diuino.
2138 1111 2325 1169 epilogo
2365 1114 2599 1158 excitatur

259 1180 578 1226 misericordia
608 1182 741 1226 breui
783 1180 865 1226 sed
907 1187 1043 1226 acuta
1087 1181 1335 1229 antithesi:
1375 1180 1590 1226 ultimam
1631 1182 1755 1225 enim
1799 1183 2082 1226 sententiam
2121 1181 2452 1238 interpolatam
2495 1198 2598 1227 esse

258 1265 409 1304 nemo,
436 1253 619 1309 opinor,
651 1250 902 1297 dubitabit.

463 1319 590 1365 Haec
630 1319 888 1365 sufficiant:
937 1318 1157 1377 Euripidi
1188 1324 1352 1366 notam
1383 1320 1526 1366 fuisse
1558 1320 1921 1377 dispositionem
1955 1321 2100 1372 illam,
2133 1323 2382 1378 piaccipue
2413 1327 2593 1379 partem

258 1405 399 1448 quam
448 1389 526 1435 uel
572 1389 762 1435 saeculo
806 1391 972 1447 quinto
1016 1391 1232 1445 magistri
1271 1389 1318 1432 τὰ
1357 1390 1449 1445 πρὸς
1490 1390 1551 1432 τὸν
1590 1388 1778 1432 &vt-'mov
1810 1390 2132 1448 appellabant,
2174 1393 2419 1448 ipsamque
2451 1392 2596 1437 huius

257 1463 406 1519 partis
451 1462 696 1517 antiquam
743 1465 789 1505 et
839 1459 1120 1505 sollemnem
1175 1459 1373 1505 formam
1411 1459 1636 1516 colloquii
1681 1474 1788 1505 cum
1842 1459 2099 1504 aduersarii
2144 1460 2420 1505 instituendi
2470 1460 2597 1518 apud

256 1546 364 1576 cum
410 1535 568 1576 extare
615 1528 966 1576 demonstrasse
1013 1528 1132 1575 mihi
1179 1527 1354 1575 uideor.
1420 1528 1642 1585 Gorgiam
1690 1530 1834 1584 igitur
1871 1530 1970 1574 eius
2013 1534 2246 1574 auctorem
2302 1544 2396 1575 non
2450 1530 2598 1575 fuisse

257 1599 487 1654 uidimus;
531 1601 637 1659 quis
669 1599 823 1653 fuerit,
864 1600 1103 1646 nescimus
1136 1600 1529 1657 nescibimusque.
1608 1600 1758 1656 siquis
1798 1604 1956 1645 tamen
1998 1598 2406 1656 Thrasymachum
2452 1599 2598 1645 fuisse

260 1673 471 1718 conicere
512 1685 660 1718 ausus
699 1672 798 1723 erit,
837 1685 930 1716 non
976 1669 1223 1728 obloquar.
1301 1674 1422 1714 certe
1463 1670 1585 1715 idem
1626 1670 1703 1715 hic
1743 1672 1982 1716 inuenitur
2026 1672 2145 1715 inter
2175 1670 2521 1716 Anaximenem
2553 1677 2599 1716 et

259 1741 537 1800 Euripidem
551 1756 812 1787 consensus
832 1755 924 1799 quo
943 1743 990 1785 in
1011 1740 1118 1785 aliis
1135 1741 1276 1786 rebus
1289 1754 1410 1797 quae
1427 1741 1484 1785 ad
1502 1746 1647 1785 artem
1668 1743 1916 1786 oratoriam
1934 1743 2181 1797 pertinent,
2190 1739 2596 1797 Thrasymachum

258 1811 395 1870 prodi
411 1810 812 1858 Wilamowitzius
845 1810 1040 1856 feliciter
1072 1809 1324 1863 diuinauit,
1359 1825 1507 1868 neque
1540 1811 1626 1857 abs
1658 1825 1733 1856 me
1765 1812 2014 1867 impetrare
2037 1825 2232 1867 possum
2257 1825 2316 1855 nc
2350 1813 2598 1868 aptissime

262 1880 618 1940 Thrasymacho
651 1880 906 1926 affectuum
948 1883 1184 1925 inuentori
1227 1879 1431 1926 adscribi
1473 1880 1754 1926 contendam
1798 1882 1899 1924 eius
1938 1882 2086 1936 partis
2120 1882 2442 1925 inuentionem
2477 1895 2598 1937 quae.

260 1959 443 2010 praeter
488 1952 745 2010 epilogum,
791 1955 872 2008 qui
918 1967 1057 2010 saepe
1104 1949 1249 2002 deest,
1296 1950 1423 2007 apud
1456 1950 1732 2007 Euripidem
1773 1956 1893 1994 certe
1933 1956 1975 1994 et
2023 1952 2070 1994 in
2104 1950 2305 2005 Gorgiae
2337 1949 2593 2008 exemplari

258 2025 362 2080 ipsa
393 2021 648 2067 affectuum
677 2021 811 2066 sedes
846 2021 937 2066 dici
969 2020 1118 2066 debet.
1171 2020 1289 2065 haec
1319 2025 1477 2065 tamen
1508 2035 1607 2065 non
1641 2034 1697 2063 ea
1718 2034 1820 2064 esse
1852 2028 2126 2073 argumenta
2157 2019 2330 2075 quibus
2363 2019 2595 2064 certitudo

258 2091 335 2136 uel
367 2090 665 2137 certitudinis
708 2090 971 2136 similitudo
1004 2090 1250 2140 efficiatur,
1292 2094 1338 2135 et
1379 2091 1478 2146 ipse
1520 2091 1698 2145 optime
1737 2090 1833 2134 scio
1877 2094 1921 2134 et
1964 2104 2049 2135 uos
2092 2087 2223 2133 firme
2266 2093 2423 2133 tenere
2457 2089 2597 2135 iubeo

261 2163 436 2220 quippe
459 2162 540 2218 qui
567 2176 653 2206 uos
685 2161 769 2208 abs
798 2176 871 2207 mc
898 2161 1079 2206 moneri
1106 2159 1256 2205 solere
1280 2160 1585 2204 memineritis
1618 2164 1667 2203 ut
1692 2158 1975 2215 Protagorae
1998 2157 2294 2203 Pollionisue
2326 2159 2597 2204 inuentor-es

257 2231 492 2287 gloriosos
539 2233 641 2276 siue
687 2230 890 2276 fontium
939 2232 1020 2287 qui
1078 2229 1168 2275 dici
1221 2228 1377 2275 solent
1428 2228 1730 2282 indagatores
1779 2227 1973 2272 iuuenili
2028 2227 2184 2270 studio
2234 2229 2427 2272 nomina
2475 2242 2598 2271 uana

260 2304 484 2349 rimantes
513 2300 764 2357 diligenter
796 2302 1015 2347 caueatis.

465 2370 627 2417 Vnum
660 2371 716 2416 de
738 2371 1084 2428 Thrasymachi
1116 2372 1343 2414 memoria
1375 2373 1518 2419 restat
1548 2374 1689 2425 atquc
1722 2368 1769 2412 id
1802 2368 1876 2411 his
1909 2382 2027 2424 quae
2056 2366 2194 2411 modo
2218 2369 2417 2423 exposui
2441 2370 2599 2411 minus

262 2444 502 2487 incertum.
565 2456 672 2486 cum
715 2457 811 2486 non
850 2441 1082 2485 rhetorem
1130 2439 1359 2496 appellari
1400 2438 1580 2488 debere,
1622 2441 1671 2482 in
1719 2452 1810 2493 quo
1856 2451 2045 2480 munere
2086 2442 2195 2492 post
2237 2435 2413 2480 Tisiam
2461 2435 2597 2480 illum

261 2513 478 2570 quisquis
511 2511 602 2557 fuit
631 2512 813 2568 primus
847 2512 896 2555 ni
928 2509 1068 2555 fallor
1100 2523 1149 2554 sc
1181 2509 1417 2553 continuit
1438 2506 1713 2552 Theodorus
1738 2507 2016 2562 Byzantius.
2049 2504 2130 2549 sed
2162 2504 2426 2562 sophistam
2446 2503 2598 2550 Wila-

261 2582 531 2625 mowitzius
564 2587 683 2624 recte
716 2580 886 2624 docuit.
949 2586 1090 2636 atque
1132 2583 1185 2623 ut
1227 2584 1327 2623 erat
1370 2578 1509 2621 homo
1553 2579 1680 2621 uitae
1719 2579 1898 2633 peritus
1939 2577 2157 2631 uitaeque
2200 2576 2247 2618 in
2280 2581 2380 2618 arte
2413 2590 2603 2632 quoque

259 2656 388 2696 totus
435 2650 624 2696 deditus
672 2664 779 2694 cum
819 2651 868 2694 in
908 2650 1278 2694 Atheniensium
1321 2649 1512 2692 ciuitate
1553 2647 1712 2690 onmia
1751 2652 1851 2689 tum
1883 2646 2105 2700 temporis
2138 2642 2197 2687 ad
2229 2658 2325 2689 rem
2357 2643 2599 2700 publicam

260 2718 484 2764 referente
507 2724 789 2769 uersaretur,
811 2722 1030 2763 naturam
1063 2719 1128 2762 rei
1158 2716 1380 2774 publicae
1412 2716 1503 2760 sibi
1536 2717 1742 2772 sumpsit
1774 2716 1821 2758 in
1855 2727 1996 2770 quam
2030 2714 2296 2769 inquireret.
2351 2712 2465 2770 quid
2489 2727 2598 2771 pro-

260 2789 432 2841 fecerit,
473 2794 526 2834 ut
557 2790 778 2841 sciamus,
810 2788 987 2833 factum
1019 2792 1092 2833 est
1122 2801 1205 2845 per
1237 2786 1497 2832 Platonem.
1561 2798 1671 2829 nam
1704 2785 1752 2828 in
1786 2785 1934 2842 primo
1968 2781 2187 2827 Ciuitatis
2228 2780 2349 2827 libro
2389 2781 2597 2840 Thrasy·

261 2858 483 2904 inachum
516 2860 688 2916 ipsum,
731 2873 826 2904 non
868 2857 1015 2903 alium
1048 2855 1284 2914 quendam
1318 2857 1407 2901 sub
1443 2854 1573 2899 illius
1605 2867 1807 2912 persona
1838 2868 1865 2897 a
1897 2851 2186 2910 philosopho
2219 2853 2315 2908 peti
2344 2851 2454 2896 inde
2486 2867 2599 2897 con-

261 2927 468 2974 cluditur
510 2927 637 2985 quod
679 2930 780 2986 ipse
811 2927 1198 2984 Thrasymachus
1238 2925 1516 2972 describitur
1560 2926 1812 2980 omniaque
1855 2922 1937 2966 illa.
1976 2920 2174 2965 artificia
2215 2919 2389 2965 desunt
2428 2922 2601 2978 quibus

261 2997 580 3055 philosophus
620 3013 670 3043 se
710 3003 830 3044 tecte
870 3011 1082 3055 pugnare
1121 3000 1279 3054 aperte
1321 2994 1586 3051 significare
1627 2993 1759 3037 solet.
1838 2991 1997 3037 docuit
2036 2992 2180 3045 igitur
2211 2989 2598 3046 Thrasymachus

263 3069 493 3126 iustitiam
538 3068 700 3124 legum
746 3083 848 3113 esse
895 3068 1276 3112 obseruationem
1322 3079 1414 3122 qua
1453 3065 1501 3108 in
1539 3077 1587 3108 re
1627 3061 1868 3121 publicani
1911 3060 2278 3105 Atheniensium
2325 3061 2597 3118 opinionem

262 3145 451 3184 secutus
498 3143 592 3191 cst;
637 3138 767 3194 leges
814 3151 925 3183 uero
973 3137 1030 3181 ab
1075 3138 1133 3181 iis
1177 3137 1257 3192 qui
1300 3135 1548 3191 imperium
1580 3137 1806 3184 tenerent,
1853 3133 1898 3175 in
1930 3130 2122 3175 illorum
2153 3128 2454 3174 commodum
2486 3144 2598 3174 con-

265 3210 458 3254 stitutas
491 3223 593 3254 esse
625 3209 958 3265 constituique.
1037 3204 1161 3264 quod
1207 3203 1346 3249 facile
1393 3203 1637 3255 obseruari
1685 3204 1732 3246 in
1775 3201 1925 3245 tribus
1969 3199 2065 3244 illis
2107 3214 2261 3243 rerum
2301 3198 2600 3256 publicarum

262 3280 424 3325 formis
472 3292 592 3337 quae
621 3279 713 3339 ⁴vel
760 3278 997 3324 Pindarus
1044 3276 1199 3335 [pyth.
1233 3280 1274 3329 2,
1306 3274 1383 3329 86]
1430 3272 1671 3319 distinxit:
1726 3273 1909 3329 imperii
1956 3269 2201 3328 popularis
2247 3268 2377 3324 leges
2424 3269 2603 3327 populo
