2829 3508
236 9 265 57 6

239 125 506 172 calumnias
555 127 714 170 autem
755 127 801 168 et
842 120 1190 167 calumniarum
1235 117 1533 166 defensiones
1566 114 1627 163 ad
1658 116 1900 175 prooemia
1929 116 2163 175 pertinere
2195 120 2241 162 et
2273 114 2596 163 Anaximenes

244 197 310 254 [p.
333 199 405 248 55,
427 199 453 241 8
475 209 543 251 sq.
577 196 648 245 68,
669 196 696 240 3
720 207 788 250 sq.
823 195 892 245 73,
917 195 937 236 1
964 190 1058 249 sq]
1079 195 1127 236 et
1143 180 1427 236 Aristoteles
1459 188 1591 244 lrhet.
1617 187 1646 229 Ι’
1666 189 1719 232 15
1739 201 1783 245 p.
1807 189 1919 232 1416
1936 200 1966 231 a
1981 184 2031 242 4]
2053 185 2236 232 docent.
2269 184 2364 233 huc
2394 185 2597 233 referen-

243 266 357 312 dum
389 279 493 309 esse
525 264 709 309 Cratini
739 263 823 317 frg
850 265 934 307 185
964 261 1186 306 Blassius
1217 261 1483 317 perspexit3
1526 256 1650 302 idem
1693 256 1900 302 iudicare
1931 255 2136 302 debebat
2166 254 2224 302 de
2255 256 2598 314 Aristophanis

241 336 348 381 loco
402 332 766 379 Daetalensium
817 330 922 388 [frg.
959 330 1082 385 1981
1135 330 1219 376 11111
1279 325 1603 374 calumniandi
1664 340 1809 372 causa
1868 326 2057 372 iuuenis
2120 340 2281 371 senem
2342 328 2601 383 interrogat

243 405 276 447 τί
318 404 348 446 δ’
385 401 665 459 ὑποτεκμαίρηι
704 400 769 444 καὶ
810 405 938 448 κακῶς
978 397 1118 457 ἄνδρας
1164 399 1287 455 λέγεις
1328 396 1599 453 καλοκάγαθε
1584 413 1616 438 ιν
1662 395 1873 443 διαχοῦν-ας
1972 394 2055 440 ille
2102 394 2194 441 hoc
2239 395 2493 442 artificium
2542 394 2601 441 ad

244 473 658 530 Thrasymachum
705 477 895 516 reuocat
939 468 1013 525 οἴμ’
1047 466 1080 510 ὦ
1106 468 1358 525 Θρασύμαχε,
1399 466 1453 514 τίς
1490 470 1601 509 τοῦτο
1637 470 1708 508 τῶν
1749 411 1965 522 ξυνηγόρων
2013 465 2273 522 τερθρεόεται.
2362 470 2603 524 praeterea

247 549 455 591 oratores
488 539 736 599 Euripidei
768 541 1043 586 acutissime
1074 540 1124 584 in
1155 538 1410 596 prooemiis
1443 541 1606 582 contra
1638 535 1870 582 inuidiam
1903 550 1953 581 se
1976 533 2224 582 defendere
2257 533 2336 581 uel
2367 533 2602 582 inuidiam

247 621 411 661 contra
441 612 766 659 aduersarium
799 624 1098 657 commouere
1131 607 1288 654 solent
1319 623 1354 652 0.
1387 623 1429 664 g.
1464 606 1762 665 Hippolytus
1799 607 1906 663 1983
1925 605 2011 665 sqq]
2042 605 2120 652 uel
2137 605 2335 652 Hecuba
2364 604 2491 662 [1187
2511 607 2602 664 sq]

249 685 340 737 uel,
387 682 515 742 quod
574 680 1011 727 luculentissimum
1072 678 1274 724 fortasse
1334 677 1606 736 exemplum
1667 682 1752 729 cst,
1815 676 2006 724 Orestes
2068 678 2117 722 in
2170 677 2382 722 oratione
2435 681 2602 722 contra

249 753 551 813 Tyndareum
580 750 734 807 15441ε

526 840 556 862 ω
583 835 705 877 ⁸3poxe,
737 819 815 876 ἐγω
841 835 899 861 τοι
929 818 1023 876 πρὸς
1055 817 1098 861 σὲ
1129 817 1316 875 δειμαίνω
1349 818 1474 875 λέγειν

527 889 624 931 ὅπου
655 906 700 945 (ε
732 890 863 945 με’λλω
896 888 966 944 σήν
996 905 1031 930 τι
1062 888 1249 943 λυπήσειν
1280 888 1411 944 φρένα.

525 956 645 1016 ..·’(ὦιῧ
684 959 1042 1015 [G.He1·‚mann
1073 958 1150 1015 ἐγω
1176 958 1206 1000 δ’
1242 957 1421 1012 coddm]
1453 957 1605 1005 ἀνόσιός
1658 957 1715 1013 ἴω.
1748 956 1896 1013 μητέρα
1927 955 2082 1007 κτανών,

528 1028 631 1078 όσιος
662 1030 705 1073 δέ
735 1047 757 1085 γ
802 1030 842 1072 ἔτ
829 1045 931 1086 ερον
962 1025 1084 1085 ὄνομα
1115 1033 1290 1084 τιμωρῶν
1321 1026 1444 1084 πατρί.

528 1098 630 1142 απελ
633 1099 701 1142 ὓέτ
703 1119 735 1140 (1
768 1099 817 1154 δὴ
847 1101 924 1146 τοῖς
956 1097 1123 1154 λόγοισιν
1155 1098 1325 1141 &motam

528 1169 572 1212 τὸ
601 1172 722 1226 γῆρας
752 1166 842 1225 ἡμῖν
873 1168 916 1211 τὸ
948 1167 1025 1218 σὸν,
1057 1165 1078 1210 ὅ
1111 1166 1145 1223 μ’
1181 1166 1387 1223 ἐκπλήσσει
1419 1166 1536 1222 λόγου

529 1236 594 1282 καὶ
625 1237 714 1281 καθ’
748 1236 838 1281 ὁδὸν
871 1236 964 1294 εἶμι·
995 1241 1059 1280 νῦν
1090 1235 1134 1280 δὲ
1166 1237 1236 1293 σὴν
1267 1236 1396 1293 ταρβῶ
1422 1235 1547 1294 τρίχα.

253 1316 508 1370 postquam
543 1323 570 1354 a
600 1307 849 1366 Tyudareo
885 1310 1015 1355 omni
1058 1308 1151 1353 fere
1195 1309 1500 1353 excusatione
1547 1308 1764 1363 priuatus
1811 1312 1884 1352 est
1929 1322 2037 1352 cum
2078 1305 2159 1352 ille
2203 1306 2608 1364 Clytaemnestrae

256 1381 607 1427 accusationem
641 1381 744 1437 ipse
777 1383 1060 1436 occupasset
1092 1376 1175 1424 sed
1208 1377 1342 1423 aliter
1373 1391 1473 1423 eam
1498 1376 1790 1434 puniendam
1825 1377 1972 1423 fuisse
2004 1379 2320 1434 exposuisset,
2352 1393 2403 1422 se
2433 1379 2608 1434 pietate

255 1465 351 1497 non
399 1463 552 1493 carere
598 1447 922 1494 demonstrare
972 1446 1186 1494 debebat.
1265 1452 1312 1492 at
1370 1461 1464 1492 non
1512 1449 1629 1493 satis
1678 1452 1776 1493 erat
1822 1446 1882 1492 ad
1928 1449 2078 1505 patris
2125 1461 2291 1494 manes
2338 1461 2610 1505 prouocare,

256 1521 483 1565 obstabat
515 1521 641 1564 enim
662 1517 902 1576 Tyndarei
924 1522 969 1561 et
989 1520 1139 1575 patris
1163 1522 1209 1562 et
1231 1519 1356 1561 senis
1379 1516 1649 1562 miseranda
1680 1519 1851 1575 imago,
1883 1523 2123 1577 praeterea
2153 1517 2244 1564 hoc
2275 1523 2608 1574 argumentum

258 1590 614 1637 ualidissimum
648 1591 740 1646 ipsi
772 1590 978 1634 orationi
1022 1592 1122 1632 erat
1162 1587 1513 1633 reseruandum.
1593 1590 1689 1633 iam
1736 1587 2048 1633 callidissime
2094 1590 2196 1645 ipse
2242 1587 2303 1632 ad
2350 1587 2609 1632 aduersarii

258 1661 518 1706 senectutis
549 1656 884 1704 uerecundiam
923 1656 1139 1713 confugit
1171 1662 1226 1701 111
1257 1656 1488 1702 inuidiam
1527 1657 1688 1714 aliquo
1721 1656 1861 1702 modo
1894 1659 2095 1707 minuat,
2119 1662 2165 1702 et
2195 1659 2391 1714 insuper
2420 1656 2610 1714 culpam

262 1730 449 1783 fatetur,
482 1726 610 1786 quod
641 1741 826 1785 semper
858 1727 1257 1784 uituperationem
1288 1728 1487 1782 mitigat.
1550 1732 1652 1772 tum
1698 1727 1905 1773 breuiter
1948 1731 2129 1784 patrem
2177 1732 2515 1772 commemorat
2560 1731 2613 1771 ut

259 1815 309 1845 se
340 1797 642 1857 Tyndareum
676 1798 825 1843 uereri
857 1812 952 1843 non
985 1810 1129 1854 posse
1161 1802 1365 1848 excuset,
1398 1795 1480 1842 sed
1514 1802 1649 1842 caute
1682 1795 1815 1843 addit
1845 1797 1968 1843 hanc
2000 1796 2335 1843 uerecundiam
2367 1812 2425 1842 ex
2450 1798 2609 1842 animo

259 1884 348 1914 suo
381 1866 596 1912 nondum
629 1868 894 1912 euanuisse.
963 1865 1154 1923 longior
1199 1867 1266 1911 fui
1313 1869 1360 1911 in
1405 1871 1576 1924 poetae
1623 1872 1720 1912 arte
1761 1867 2044 1926 exponenda
2090 1883 2148 1914 ne
2189 1882 2358 1913 uersus
2400 1868 2523 1912 inter
2564 1881 2614 1912 se

260 1936 624 1984 commutandos
668 1951 771 1980 esse
803 1935 1066 1981 editoribus
1100 1936 1312 1981 credatis.
1384 1942 1439 1981 ut
1480 1936 1539 1981 ad
1580 1951 1677 1982 rem
1718 1937 1919 1988 redeam,
1966 1952 2023 1983 ex
2070 1936 2234 1982 multis
2282 1938 2340 1982 iis
2389 1949 2508 1995 quae
2556 1935 2613 1980 de

260 2006 508 2066 Euripidis
539 2008 794 2064 prooemiis
828 2005 919 2050 dici
950 2012 1158 2064 possunt
1189 2020 1340 2064 neque
1372 2021 1399 2050 a
1430 2006 1614 2052 Thoma
1644 2007 1803 2053 Miller
1846 2009 1910 2066 111.
1945 2011 1998 2053 47
2033 2008 2125 2066 sq]
2175 2007 2300 2053 dicta
2346 2012 2460 2052 sunt
2505 2021 2612 2053 cum

261 2080 406 2123 nimis
452 2078 660 2122 breuiter
704 2091 802 2120 rem
848 2078 1198 2136 perstringeret,
1245 2077 1333 2121 hoc
1380 2091 1530 2121 unum
1577 2077 1774 2129 adnotO,
1826 2080 1997 2123 mirum
2046 2078 2283 2135 quendam
2330 2091 2612 2121 consensum

262 2149 465 2193 inueniri
498 2149 621 2191 inter
652 2148 1010 2191 excusationem
1041 2146 1255 2193 Iocastae
1287 2147 1661 2191 Phoenissarum
1699 2148 1826 2202 {5281

818 2212 850 2257 ὦ
875 2216 1018 2266 τέκνον,
1049 2215 1126 2272 οὐχ
1156 2214 1308 2257 ἅπαντα
1338 2221 1401 2257 τῶι
1432 2216 1547 2272 γήραι
1579 2218 1692 2258 κακὰ.

814 2283 1055 2335 Ἐτεόκλεες,
1086 2284 1285 2341 πάρεστιν·
1318 2285 1399 2328 ἀλλ’
1434 2285 1620 2342 ἡμπειρία

819 2353 905 2411 ἔχει
934 2371 969 2397 τι
1000 2355 1105 2403 λε’ξαι
1136 2359 1206 2397 τῶν
1237 2355 1333 2397 νέων
1365 2355 1579 2412 σοφώτερον

265 2430 311 2470 et
342 2425 658 2470 Anaximenis
690 2429 993 2481 praeceptum
1029 2425 1094 2482 [p.
1118 2428 1188 2477 58,
1210 2425 1258 2479 41
1293 2425 1439 2481 γέρον-,ι
1471 2425 1750 2482 προφασιστὲον
1782 2425 1927 2480 λέγοντ’.
1950 2459 1958 2467 .
1980 2459 1987 2467 .
2011 2427 2054 2468 ἐκ
2085 2429 2151 2480 τῆς
2184 2423 2366 2480 εὐπορίας
2398 2423 2530 2466 αὐτοῦ.

475 2493 577 2540 Hoc
624 2508 681 2538 ex
728 2493 948 2539 Platonis
1001 2493 1317 2551 descriptione
1364 2500 1560 2553 apparot
1605 2494 2014 2552 Thrasymachum
2066 2497 2271 2552 primum
2322 2494 2618 2540 intellexisse

268 2568 503 2621 quantum
543 2561 739 2608 affectus
779 2564 829 2609 in
867 2563 1140 2621 eloquentia
1181 2564 1350 2610 ualeat.
1431 2567 1609 2610 nemini
1648 2580 1757 2611 vcro
1796 2570 1894 2610 tam
1936 2564 2079 2609 utiles
2122 2568 2237 2609 sunt
2268 2579 2411 2621 quam
2452 2566 2493 2608 01
2540 2565 2618 2619 qui

269 2633 328 2678 ad
360 2631 611 2690 populum,
654 2631 713 2676 ad
751 2632 1109 2678 multitudinem
1148 2633 1383 2692 loquitur:
1423 2636 1588 2692 paucis
1621 2640 1666 2679 et
1697 2636 1860 2691 peritis
1894 2636 2044 2691 siquis
2077 2648 2159 2691 per
2190 2633 2389 2679 affectus
2423 2646 2618 2689 persua-

270 2702 376 2747 dere
416 2701 638 2752 uoluerit,
679 2701 943 2758 periculum
985 2703 1169 2749 subibit
1211 2718 1270 2748 ne
1312 2703 1388 2748 uel
1432 2705 1728 2762 suspiciones
1771 2703 1848 2748 uel
1888 2706 2011 2748 risus
2045 2707 2247 2749 moueat.
2309 2703 2452 2758 longe
2485 2701 2622 2747 aliter

269 2787 343 2816 res
383 2770 568 2826 agenda
606 2776 678 2815 est
719 2774 1060 2818 concionatori:
1102 2772 1329 2818 mouendi
1371 2779 1484 2818 sunt
1522 2775 1683 2826 animi,
1723 2787 1820 2818 non
1862 2772 2082 2825 docendi;
2125 2774 2228 2818 siue
2272 2773 2480 2817 concitat
2521 2773 2623 2816 siue

270 2843 459 2896 mitigat
491 2843 594 2884 siue
624 2840 847 2885 lacrimas
887 2844 989 2886 siue
1021 2843 1236 2886 fremitus
1279 2842 1419 2894 elicit,
1462 2842 1613 2898 rigida
1646 2843 1877 2899 quaedam
1911 2844 2057 2887 animi
2089 2844 2293 2887 intentio
2328 2846 2399 2886 est
2429 2854 2540 2898 prae
2573 2854 2623 2884 se

272 2909 463 2955 ferenda
508 2915 554 2954 et
600 2911 781 2967 species
830 2913 1063 2956 serietatis
1110 2913 1324 2957 miserias
1371 2912 1690 2970 turpitudines
1724 2911 1947 2964 inuidias,
1992 2926 2111 2969 quae
2153 2914 2419 2956 orationum
2469 2911 2625 2967 capita

274 2984 401 3031 sunt,
432 2978 619 3036 placide
650 2980 767 3025 ferre
798 2980 1096 3036 indignantis
1128 2980 1364 3038 longeque
1396 2988 1601 3026 remotae
1633 2997 1661 3025 a
1693 2980 1954 3039 tranquilla
1977 2984 2282 3039 optimatium
2305 2986 2353 3025 et
2375 2980 2621 3025 doctorum

275 3050 556 3095 urbanitate.
618 3052 795 3106 optime
830 3052 877 3095 in
910 3050 1144 3096 eiusmodi
1176 3052 1419 3095 hominem
1452 3050 1531 3094 uel
1564 3051 1797 3096 eiusmodi
1822 3051 2072 3096 hominum
2094 3054 2377 3106 magistrum
2401 3049 2620 3094 Platonis

278 3118 427 3163 altera
474 3117 558 3162 illa
600 3118 802 3174 quadrat
842 3121 889 3164 in
933 3119 1158 3164 Ciuitatis
1200 3119 1322 3165 libro
1366 3122 1518 3178 primo
1563 3119 1817 3178 descriptio
1863 3134 1956 3177 qua
1987 3119 2399 3177 Thrasymachum
2446 3123 2624 3163 trucem

277 3190 565 3245 minimeque
609 3188 843 3234 urbanum
876 3191 1061 3246 pinxit.
1112 3189 1328 3247 leporum
1382 3189 1728 3236 Socraticorum
1792 3191 2115 3247 impatientem
2168 3196 2214 3234 et
2263 3191 2329 3234 ita
2380 3203 2486 3234 cum
2540 3187 2623 3233 illo

278 3265 493 3313 agentem
528 3259 662 3314 quasi
697 3258 998 3303 aduersarius
1032 3265 1157 3304 esset
1192 3261 1235 3303 in
1270 3259 1366 3304 foro
1399 3258 1741 3318 profligandus.
1798 3258 1944 3304 nolite
1978 3264 2135 3305 tamen
2160 3258 2379 3304 Platonis
2412 3258 2627 3302 irrisione
