2829 3508
648 820 665 836 κ

425 827 654 909 Colloqui
687 854 948 905 uobiscum,
980 852 1328 899 commilitones
1360 853 1713 903 humanissimi,
1746 851 1967 897 sollemni
1999 851 2057 896 ad
2090 852 2283 898 scholas
2317 852 2554 897 inuitandi

189 980 191 983 Υ
219 925 465 968 occasione
507 925 725 979 quintum
766 922 927 967 oblata
965 925 1015 967 in
1056 929 1213 968 mente
1249 923 1402 968 habeo
1442 922 1499 967 de
1531 922 1751 979 sophista
1783 920 1987 979 quodam
2021 922 2199 966 saeculi
2232 924 2385 979 quinti
2419 936 2558 979 quem

221 993 500 1038 recentiores
553 994 643 1037 uiri
695 991 817 1037 docti
866 1006 1014 1050 paene
1063 1007 1226 1038 omnes
1273 991 1436 1050 paullo
1481 994 1708 1037 iniustius
1756 998 1800 1036 et
1846 990 2175 1047 neglegentius
2209 997 2558 1042 't.ractauerunt,

220 1061 504 1109 Aristoteles
537 1067 582 1107 ct
614 1061 973 1119 Theophrastus
1014 1065 1061 1108 in
1095 1064 1210 1108 artis
1243 1062 1501 1109 rhetoricae
1533 1061 1747 1108 doctrina.
1777 1064 1976 1107 summis
2008 1060 2234 1108 laudibus
2271 1061 2560 1113 extulerunt.

221 1132 618 1179 Wilamowitzius
678 1147 829 1190 nuper
875 1134 995 1178 inter
1041 1148 1121 1179 cos
1168 1131 1512 1179 numerandum
1560 1146 1663 1177 esse
1710 1134 1791 1190 qui
1832 1132 2152 1190 eloquentiam
2194 1135 2404 1178 Atticam
2445 1147 2557 1178 con-

221 1203 468 1255 didissent,
506 1203 629 1247 felici
662 1202 859 1247 audacia
891 1205 1110 1248 coniecit:
1153 1203 1209 1248 dc
1244 1202 1600 1261 Thrasymacho
1635 1200 1967 1247 Chalcedonio.
2029 1204 2304 1248 testimonia
2335 1202 2560 1261 locosque

221 1276 502 1329 scriptorum
537 1287 632 1328 qua
663 1272 786 1317 solet
817 1272 1050 1317 industria
1092 1273 1437 1330 prudentiaque
1478 1272 1671 1328 collegit
1713 1271 1976 1315 Fridericus
2010 1271 2148 1316 Blass
2182 1272 2374 1321 (Gesch.
2409 1273 2451 1317 d.
2477 1278 2557 1318 att.

223 1342 521 1386 Bel-edsamk.
557 1343 607 1385 12
637 1346 721 1385 244
744 1348 857 1398 sq.):
907 1343 995 1386 hoc
1027 1343 1131 1386 loco
1165 1342 1212 1386 id
1245 1357 1380 1396 agam
1413 1348 1463 1386 ut
1486 1347 1542 1386 'et
1574 1342 1782 1385 hominis
1815 1344 1966 1399 ipsius
1998 1348 2044 1385 et
2075 1342 2316 1387 doctrinae
2348 1346 2558 1400 artisque

224 1427 365 1468 quam
399 1411 727 1469 plenissimam
767 1406 1167 1456 circumscribam
1189 1414 1455 1464 imaginem.
1521 1425 1639 1467 quae
1671 1414 1712 1455 si
1743 1414 1963 1467 componi
1995 1425 2089 1455 non
2123 1414 2332 1467 potuerit
2364 1414 2458 1455 nisi
2491 1415 2559 1455 ita

220 1486 272 1525 ut
309 1481 446 1525 certis
485 1481 661 1524 incerta
698 1478 1060 1531 admisceantur,
1104 1495 1192 1524 uos
1232 1482 1361 1535 ipsos
1399 1480 1534 1524 aliter
1575 1478 1701 1536 apud
1743 1494 1830 1522 nos
1863 1477 2135 1535 philologos
2176 1494 2271 1522 rem
2306 1482 2381 1533 agi
2415 1494 2559 1536 posse

219 1555 475 1603 negaturos
508 1562 611 1593 esse
642 1562 791 1605 spero.

426 1617 653 1673 Gorgiam
686 1618 973 1663 Leontinum
1016 1622 1170 1663 3.,427
1206 1618 1465 1667 doctrinam
1504 1633 1641 1663 suam
1673 1619 1877 1663 Athenis
1912 1618 2188 1674 diuulgasse
2226 1626 2428 1670 constat,
2467 1634 2560 1676 qua

219 1702 370 1745 neque
412 1703 514 1733 esse
557 1690 809 1745 quicquam
852 1703 1002 1745 neque
1041 1690 1081 1733 si
1120 1694 1245 1733 esset
1275 1690 1495 1743 cognosci
1526 1703 1667 1745 posse
1700 1703 1850 1745 neque
1882 1691 1922 1733 si
1955 1691 2177 1743 cognosci
2209 1695 2386 1745 posset,
2429 1704 2558 1733 com-

219 1758 449 1802 municari
488 1771 630 1815 posse
662 1756 981 1803 Eleaticorum
1022 1756 1419 1815 philosophorum
1460 1758 1725 1804 rationibus
1760 1757 1990 1803 adhibitis
2023 1756 2184 1802 docuit
2215 1772 2367 1814 neque
2400 1756 2552 1803 ullum

220 1825 433 1872 studium
475 1825 553 1872 uel
595 1827 840 1873 scientiam
878 1827 1088 1873 humano
1131 1828 1321 1882 ingenio
1359 1826 1716 1885 proponendam
1757 1841 1859 1872 esse
1901 1825 2143 1873 contendit
2183 1832 2367 1884 praeter
2414 1833 2560 1872 artem

219 1895 560 1953 pe1·suadendi;
593 1910 697 1941 cam
731 1910 840 1942 uero
874 1911 970 1942 non
1004 1899 1051 1943 in
1083 1910 1238 1942 rerum
1261 1910 1447 1942 summa
1468 1896 1803 1943 incertitudine
1832 1911 1934 1943 esse
1956 1898 2178 1954 positam.
2211 1895 2293 1941 sed
2326 1898 2371 1942 in
2408 1898 2558 1955 ipsius

221 1967 448 2010 orationis
480 1965 715 2012 illecebris
750 1967 923 2024 quibus
956 1981 1089 2012 mens
1121 1967 1335 2013 humana
1365 1969 1547 2023 magica
1574 1967 1784 2028 quadam
1826 1968 2147 2013 incantatione
2179 1968 2227 2012 in
2260 1981 2380 2025 quae
2412 1966 2555 2013 uellet

220 2034 446 2078 suadelae
493 2036 660 2080 artifex
706 2051 803 2082 non
851 2037 986 2081 aliter
1030 2036 1224 2093 perduci
1264 2043 1424 2094 posset
1466 2049 1608 2094 quam
1650 2050 1677 2080 a
1707 2039 1868 2094 poetis
1910 2050 1992 2094 per
2033 2036 2317 2081 elocutionis
2360 2037 2560 2081 nitorem

222 2118 539 2161 uei-suumque
561 2104 939 2150 modulationem
961 2108 1088 2150 iusta
1110 2105 1315 2162 quadam
1337 2105 1501 2150 fraude
1528 2109 1577 2150 in
1601 2120 1837 2151 summam
1864 2105 2226 2151 delectationem
2250 2105 2561 2163 pelliceretur.

221 2179 405 2230 praeter
436 2175 560 2220 hanc
595 2177 669 2219 sui
702 2176 854 2232 ipsius
886 2177 1126 2232 propriam
1159 2174 1419 2221 doctrinam
1452 2175 1656 2230 Gorgias
1689 2182 1835 2221 artem
1870 2175 2109 2232 quanda-m
2142 2175 2423 2220 rhetoricam
2459 2177 2562 2232 ipso

221 2245 530 2288 uetustiorem
561 2243 778 2288 Athenas
811 2249 1134 2302 comportasse
1166 2244 1367 2296 uidetur,
1398 2244 1574 2290 librum
1609 2245 1711 2290 dico
1745 2245 1882 2291 illum
1916 2260 2053 2301 quem
2087 2244 2378 2302 adscripsere
2409 2244 2564 2289 Tisias·-

224 2312 361 2359 l'lato
394 2315 598 2363 iuuenis,
630 2315 720 2358 etsi
767 2328 863 2359 non
907 2316 1008 2359 sinc
1050 2313 1347 2359 dubitatione
1398 2313 1618 2368 [Phaedr.
1653 2315 1826 2368 27301,
1869 2320 1914 2358 ct
1952 2313 2235 2359 Aristoteles
2284 2317 2331 2358 in
2375 2315 2560 2358 Artium

221 2396 413 2438 corpore
457 2383 573 2437 iOic.
609 2382 665 2427 de
697 2385 792 2427 inu.
827 2387 866 2435 2,
900 2387 926 2427 6
979 2390 1023 2427 et
1071 2383 1200 2428 Brut..
1234 2388 1304 2434 46,
1349 2385 1432 2428 ubi
1478 2385 1624 2429 uerba
1671 2399 1858 2442 quoque
1905 2384 1962 2429 de
2009 2384 2235 2438 eloquentia
2264 2385 2382 2437 pacis
2411 2384 2563 2436 otiique

220 2452 331 2492 socia
367 2452 671 2497 Aristotelem
711 2453 998 2510 {metaphys
1031 2468 1074 2510 p.
1095 2455 1218 2498 981b
1256 2458 1305 2498 17
1330 2454 1420 2507 sq]
1456 2454 1673 2510 sapiunt]
1710 2459 1754 2499 et
1790 2457 1836 2497 in
1870 2453 2057 2510 Topicis
2094 2454 2205 2507 1134
2235 2468 2278 2510 p.
2302 2454 2427 2498 183b
2463 2454 2559 2506 311,

220 2524 389 2576 postca
435 2536 542 2566 uero
583 2524 740 2567 nescio
784 2537 878 2578 qua
909 2522 966 2566 de
998 2537 1145 2566 causa
1179 2523 1343 2567 Coraci
1389 2522 1525 2577 [rhet.
1561 2523 1599 2565 B
1632 2526 1688 2566 24
1729 2538 1771 2579 p.
1810 2528 1890 2568 140
1926 2525 1995 2568 lb
2034 2523 2124 2576 171,
2175 2529 2328 2568 ortum
2369 2536 2471 2565 ess(-
2513 2525 2559 2565 in

223 2587 387 2634 Sicilia
432 2595 631 2636 constat.
710 2606 802 2647 quo
845 2590 966 2637 libro
1011 2591 1227 2649 exempla
1269 2593 1513 2648 proposita
1551 2598 1684 2636 crant
1725 2607 1885 2637 earum
1926 2594 2389 2648 argumentationum
2439 2606 2560 2647 quac

222 2658 533 2714 probabiliter
579 2675 634 2705 ex
678 2660 846 2705 iisdem
888 2662 1027 2705 rebus
1071 2663 1118 2705 in
1161 2667 1407 2717 utramque
1452 2668 1635 2717 partem
1683 2664 1807 2705 sumi
1849 2669 2045 2718 possent
2088 2661 2256 2715 ΙείκόταΙ.
2323 2660 2558 2704 Zenonem

224 2725 436 2773 Eleatem
469 2728 591 2774 hanc
624 2729 921 2775 uaferrimam
954 2735 1099 2775 artem
1133 2745 1436 2787 praeparasse
1468 2733 1729 2775 rectissime
1762 2731 1899 2775 Plato
1937 2730 2158 2785 [Phaedr.
2193 2733 2271 2773 261
2294 2729 2345 2782 dl
2382 2733 2558 2786 posuit,

223 2810 329 2841 cum
363 2796 419 2842 (lc
451 2797 612 2844 eadem
645 2813 692 2842 re
724 2800 958 2844 contraria
989 2798 1245 2856 praedicari
1278 2798 1476 2851 doceret,
1507 2803 1641 2844 cuius
1672 2802 1735 2844 rei
1759 2800 1997 2858 praeclara.
2027 2799 2242 2856 exempla
2270 2798 2556 2844 celeberrimi

224 2867 374 2922 ipsius
406 2867 613 2912 Zenonis
654 2868 962 2924 paralogismi
1002 2868 1078 2912 uel
1120 2884 1245 2913 nunc
1286 2875 1461 2913 extant.
1525 2878 1727 2914 ceterum
1775 2873 1970 2927 primus.
2018 2884 2075 2912 ne
2122 2870 2209 2912 hoc
2255 2874 2557 2924 praeteream.

226 2934 536 2992 Empedocles
569 2937 914 2992 Agrigentinus
957 2941 1101 2983 artem
1145 2937 1435 2984 dialecticam
1485 2941 1533 2984 in
1576 2939 1908 2996 eloquentiam,
1955 2954 2073 2995 quae
2114 2945 2220 2995 post
2263 2946 2492 2993 tyrannos
2535 2953 2562 2982 a

224 3003 416 3061 populis
441 3005 742 3061 Syracusano
769 3013 814 3052 ct
835 3008 1148 3062 Agrigentino
1182 3008 1408 3066 expulsos
1432 3008 1596 3055 florere
1626 3011 1779 3067 coepit
1816 3009 2031 3064 iAristot.
2057 3022 2128 3065 ap.
2154 3008 2245 3052 Cic.
2274 3006 2401 3051 Brut.
2428 3010 2483 3051 46
2507 3010 2559 3052 cf.

227 3073 359 3128 Diog.
395 3075 548 3119 Laert.
584 3079 624 3125 8,
657 3076 762 3130 631,
809 3077 1054 3122 transtulit
1102 3077 1452 3134 Pythagoreos.
1506 3081 1634 3125 uiros
1683 3081 1808 3124 uitae
1853 3077 2071 3135 publicae
2119 3074 2328 3125 deditos,
2378 3078 2425 3121 in
2475 3076 2563 3121 hac

226 3156 413 3199 quoque
444 3158 492 3186 re
525 3151 731 3198 secutus,
764 3146 918 3203 siquid
954 3160 1011 3191 cx
1044 3147 1201 3193 uerbis
1236 3148 1447 3192 obscuris
1471 3147 1696 3193 Heracliti
1722 3153 1767 3192 et
1789 3147 1963 3192 Timaei
1989 3160 2107 3204 quae.
2140 3150 2304 3191 extant
2337 3147 2383 3190 in
2414 3145 2561 3192 schol.
