2829 3508
235 143 448 197 emptum
481 140 644 184 statim
679 138 739 184 ad
771 144 970 184 mortem
1003 144 1215 195 egerunt,
1264 141 1314 196 ni
1354 138 1496 185 fallor
1538 130 1713 186 iudicio
1754 140 1943 197 priuato
1981 138 2064 185 sed
2095 139 2309 197 legitimo
2346 140 2422 196 [cf.
2456 144 2498 190 6,
2528 139 2595 196 4],

236 208 584 267 Mytilenaeum
619 207 864 266 aliquanto
898 212 1023 266 post,
1056 222 1163 254 cum
1190 208 1411 254 Athenas
1440 211 1665 259 uenisset,
1692 213 1918 267 ceperunt
1940 213 2228 268 captumque
2256 208 2594 257 undecimuiris

172 284 175 287 ’
238 278 461 326 maleficii
493 292 625 324 reum
657 280 794 323 certis
827 277 1017 324 indiciis
1050 276 1124 334 {5³²
1150 277 1396 335 αὐτοφώρω]
1445 283 1724 335 coargutum
1773 277 2083 325 tradiderunt.
2153 279 2244 326 hoc
2276 294 2465 338 quoque
2496 281 2595 326 iure

241 350 417 396 factum
451 364 555 395 esse
587 348 697 394 inde.
727 350 959 406 probatur
990 348 1118 406 quod
1152 348 1465 394 undecimuiri
1498 351 1732 395 actionem
1764 355 2064 407 receperunt3
2095 349 2178 396 scd
2203 349 2414 396 dubitari
2438 355 2593 409 potest

245 435 305 466 an
338 419 419 466 ille
451 425 662 479 tempore
695 420 744 465 in
776 421 929 465 ciuem
961 418 1306 465 Atheniensem
1338 418 1436 465 tale
1468 419 1582 477 quid
1612 419 1809 476 licuerit.

453 490 547 536 Sed
580 496 689 536 utut
728 505 800 535 res
831 494 966 546 gesta
1006 494 1091 544 est,
1132 504 1262 535 reum
1296 504 1483 536 summo
1517 493 1565 536 in
1598 490 1805 548 periculo
1840 493 2018 537 uersari
2050 490 2186 537 facile
2217 496 2437 550 apparet;
2484 506 2592 538 nam

248 568 290 607 et
323 563 624 618 grauissimis
660 560 846 605 indiciis
879 564 1073 615 urgetur
1104 564 1150 604 et
1184 565 1235 604 ut
1267 559 1588 616 Mytilenaeas
1621 561 1858 607 iudicibus
1892 563 2064 607 Atticis
2098 564 2451 617 ingratissimus
2485 568 2594 607 erat.

252 634 430 678 astutia
462 646 582 689 opus
615 636 713 676 erat
744 644 887 687 quam
920 630 1144 680 maxima,
1186 629 1267 675 sed
1310 630 1496 676 fallenti
1529 636 1573 676 et
1607 633 1884 676 summissa:
1934 632 1984 676 hi
2024 638 2135 676 sunt
2176 646 2329 675 mores
2370 634 2598 676 orationis

250 698 502 758 quintae'a
532 702 684 757 prima
722 703 768 744 et
809 703 945 744 sexta
985 701 1158 744 mirum
1199 705 1430 756 ‹piantum
1473 699 1717 745 distantes.
1781 699 1987 745 humiles
2031 715 2190 758 preces
2239 699 2504 746 funduntur
2549 703 2596 745 in

250 772 490 829 prooemio
527 768 684 824 11-71
722 770 789 814 ita
821 770 1068 814 institutae
1110 774 1163 813 ut
1205 783 1262 814 ex
1302 769 1514 815 artificiis
1556 771 1982 824 argumentationis
2030 771 2239 827 suspicio
2282 786 2379 816 non
2421 772 2597 815 oriatur

252 854 403 897 neque
436 839 615 884 iudices
648 843 700 883 ut
735 840 911 884 iniuste
942 837 1159 889 liberent,
1192 840 1344 893 rogari
1376 840 1469 886 sibi
1503 839 1766 886 uideantur.
1802 841 1968 896 -pergit
1999 854 2106 884 reus
2142 839 2239 894 181ῑ
2273 842 2419 894 πρῶτον
2441 838 2509 894 μὲν
2535 836 2602 881 οὖν

250 910 299 957 ὡς
331 908 640 966 παρανομώτατα
673 906 736 948 καὶ
768 907 963 964 βιαιόταια
996 908 1049 955 εἰς
1080 907 1190 950 τόνδε
1221 908 1283 950 τὸν
1315 906 1443 964 ἀγῶνα
1475 910 1711 964 milevum,
1750 912 1860 951 τοῦτο
1899 908 1996 964 ὑμᾶς
2035 907 2204 956 eradio:
2249 922 2352 953 ecce
2393 923 2446 953 ea
2492 923 2601 966 pars

258 979 530 1024 aduersario
579 977 815 1022 destinata
863 993 983 1036 quae
1030 977 1158 1036 apud
1208 978 1555 1036 Antiphontem
1604 981 1922 1025 narrationem
1969 977 2241 1025 antecedere
2289 977 2421 1024 solet.
2510 993 2603 1035 qua

254 1055 384 1106 parte
416 1054 673 1105 postquam
707 1062 756 1090 se.
789 1062 885 1091 non
919 1047 978 1092 ad
1012 1047 1363 1092 undecimuiros
1397 1048 1480 1093 sed
1513 1050 1561 1093 in
1586 1050 1888 1106 Areopagum
1919 1045 2187 1093 ducendum
2212 1047 2359 1093 fuisse
2381 1048 2603 1104 exposuit

259 1118 465 1172 18-181,
498 1132 623 1160 nouo
656 1119 898 1173 prooemio
933 1119 1214 1174 interposito
1251 1118 1348 1173 1191
1387 1132 1529 1175 quam
1561 1119 1842 1163 breuissime
1875 1132 1946 1163 res
1980 1120 2028 1163 in
2061 1119 2226 1163 itinere
2257 1121 2416 1174 gestas
2446 1122 2603 1162 narrat

260 1188 482 1234 omnibus
517 1202 636 1243 quae
670 1188 744 1231 uel
780 1189 1030 1232 minimum
1066 1202 1231 1232 nocere
1263 1194 1481 1245 poterant
1514 1192 1653 1233 anxie
1685 1191 1887 1233 omissis.
1943 1187 2173 1245 quidquid
2197 1201 2307 1233 uero
2331 1189 2604 1245 sagacitatis

259 1260 462 1304 astutiae
505 1259 619 1302 artis
661 1256 866 1313 denique
905 1260 1118 1313 speciose
1162 1258 1356 1302 fallendi
1398 1263 1438 1302 ei
1480 1267 1602 1311 erat,
1650 1260 1696 1303 id
1742 1274 1879 1303 omne
1920 1259 2138 1314 Antipho
2187 1261 2235 1301 in
2276 1259 2604 1313 probationem

258 1326 463 1373 contulit
502 1326 695 1382 longam
740 1326 958 1382 125—631
1003 1332 1049 1372 et
1086 1341 1168 1383 per
1210 1329 1362 1371 varios
1406 1327 1560 1373 flexus
1604 1337 1648 1374 et
1689 1329 1914 1383 ambages
1955 1326 2125 1372 callide
2164 1326 2368 1372 ductam.
2432 1326 2607 1372 indicia

259 1400 382 1443 enim
429 1399 493 1442 ita
536 1396 690 1442 diuisa
725 1397 964 1454 discerpta
996 1396 1193 1443 disiecta
1224 1403 1335 1442 sunt
1369 1402 1422 1442 ut
1454 1397 1642 1443 auditor
1673 1397 1794 1443 nihil
1828 1395 2102 1452 intellegere
2133 1402 2296 1453 posset¹
2327 1398 2421 1441 nisi
2453 1398 2606 1452 ipsius

263 1469 463 1513 oratoris
497 1469 949 1521 argumentationes,
983 1471 1147 1511 contra
1178 1469 1451 1512 testimonia
1484 1482 1593 1513 uero
1628 1467 1839 1524 undique
1870 1466 2130 1511 afferuntur
2162 1467 2457 1510 coniecturae
2489 1480 2608 1521 quac

260 1536 319 1581 ad
378 1550 473 1580 rem
529 1537 681 1592 ipsam
737 1536 860 1581 nihil
917 1536 1188 1581 conferunt.
1250 1538 1451 1594 speciem
1515 1541 1673 1583 tamen
1736 1535 2130 1592 diligentissimae
2188 1533 2608 1581 demonstrationis

263 1607 504 1664 praebent.
569 1608 693 1650 serui
727 1605 847 1651 illud
882 1605 1108 1651 indicium
1142 1608 1480 1661 grauissimum
1515 1622 1619 1652 reus
1651 1607 1855 1664 proferre
1887 1621 1982 1651 non
2014 1603 2158 1650 audet
2186 1609 2441 1661 antequam
2464 1606 2606 1650 ratio-

261 1676 585 1720 cinationibus
618 1675 826 1721 iudicum
862 1682 1043 1721 mentes
1077 1679 1285 1735 captauit
1323 1677 1556 1732 {eo—281,
1590 1677 1671 1722 ubi
1703 1677 1893 1735 profert,
1926 1689 2078 1732 neque
2109 1680 2263 1720 totum
2295 1674 2472 1732 profert
2507 1673 2605 1729 1301

263 1753 305 1790 et
340 1749 406 1790 ita
438 1750 488 1790 ut
522 1751 566 1790 ct
600 1745 799 1790 alterum
834 1751 1010 1791 nautae
1042 1749 1383 1800 testimonium,
1417 1762 1510 1805 quo
1533 1747 1772 1800 liberatur,
1805 1745 2035 1801 adiungat
2058 1749 2100 1790 et
2125 1758 2245 1801 quae
2268 1757 2435 1789 seruus
2457 1745 2610 1801 primo

262 1823 307 1860 et
341 1819 389 1860 in
424 1816 517 1860 fine
551 1814 686 1866 dixit,
734 1830 887 1872 neque
928 1816 1041 1873 quid
1085 1832 1252 1861 seruus
1292 1818 1538 1863 confessus
1581 1820 1639 1862 sit
1681 1817 1837 1874 prodit
1882 1818 1975 1861 nisi
2017 1819 2273 1872 postquam
2313 1813 2611 1859 aduersarios

264 1891 498 1931 tormenta
541 1887 718 1931 iniuste
763 1887 1029 1932 instituisse
1072 1901 1356 1944 semiuirique
1400 1889 1475 1933 sui
1519 1886 1752 1933 commodi
1796 1900 1940 1932 causa
1981 1898 2175 1930 necasse
2217 1886 2439 1941 exposuit
2485 1883 2612 1938 1391:

263 1962 364 2002 turn
427 1959 597 2001 iterum
661 1958 821 2001 omnia
882 1958 1157 2002 testimonia
1221 1960 1339 2002 inter
1402 1973 1451 2001 se
1513 1958 1816 2013 comparauit.
1918 1954 2121 2011 denique
2191 1952 2446 2010 epistulam
2511 1953 2610 2007 1531

264 2030 604 2073 commemorat
645 2033 690 2072 et
729 2028 881 2083 primo
924 2040 1026 2072 eam
1061 2030 1327 2073 consentire
1369 2043 1475 2072 cum
1519 2029 1642 2072 serui
1685 2027 1957 2072 testimonio
2000 2030 2156 2081 negat,
2196 2030 2299 2069 tum
2331 2025 2613 2070 coniecturis

267 2113 324 2143 ex
358 2097 652 2142 diiunctione
686 2099 923 2142 rationum
957 2099 1120 2154 petitis
1155 2099 1322 2143 obruit.
1377 2099 1676 2156 probationis
1711 2098 1851 2141 tinem
1875 2110 1978 2139 esse
2002 2093 2298 2151 paragrapho
2322 2096 2393 2143 64,
2425 2095 2613 2138 initium

265 2167 442 2225 epilogi
489 2168 787 2224 paragrapho
836 2171 892 2212 85
938 2166 1146 2214 dubitari
1197 2171 1382 2225 nequit;
1436 2169 1622 2213 interim
1670 2181 1775 2211 reus
1829 2165 1955 2223 quod
2005 2164 2061 2209 do
2109 2163 2293 2208 Herode
2340 2161 2462 2207 nihil
2496 2163 2612 2207 sciat

267 2237 499 2294 exemplis
533 2237 772 2283 similibus
806 2237 966 2282 allatis
999 2243 1211 2288 excusat,
1253 2245 1433 2295 patrem
1466 2238 1844 2282 Atheniensibus
1887 2250 1983 2281 non
2018 2236 2262 2280 inimicum
2295 2246 2397 2276 csse
2429 2233 2612 2289 probat,

268 2309 566 2354 innocentiae
605 2321 720 2352 suae
762 2310 1089 2353 testimonium
1132 2308 1349 2353 diuinum
1388 2308 1574 2366 profert.
1638 2322 1836 2364 quorum
1872 2305 1965 2350 duo
2000 2306 2155 2362 priora
2190 2302 2249 2347 ad
2281 2302 2614 2347 refutationem

267 2393 429 2424 eorum
468 2379 701 2434 pertinere
735 2392 854 2434 quae
888 2382 1068 2423 actores
1103 2383 1237 2423 extra
1271 2381 1423 2436 ipsam
1456 2379 1786 2436 probationem
1821 2375 2039 2427 dixerint,
2080 2376 2128 2419 in
2160 2374 2310 2431 patris
2344 2371 2617 2417 defensione

267 2462 349 2505 per
381 2462 431 2491 se
463 2449 621 2504 ipsum
655 2446 833 2492 clarum
869 2452 954 2498 est,
996 2447 1077 2492 sed
1117 2464 1213 2493 non
1248 2451 1405 2493 minus
1443 2453 1618 2491 certum
1654 2452 1721 2490 est
1757 2449 1805 2490 in
1838 2448 1904 2489 eis
1939 2458 2058 2501 quae
2090 2441 2388 2493 antecedunt,
2427 2446 2619 2497 propter

267 2517 536 2563 clausulam
583 2518 851 2574 probationi
899 2517 1131 2564 adnexam
1184 2517 1284 2573 1641
1335 2516 1616 2559 ἀποδέδεικται.
1698 2519 1937 2573 praeterea
1983 2511 2160 2558 collat-a
2208 2511 2420 2556 oratione
2466 2511 2618 2568 prima

272 2590 349 2644 128
382 2587 473 2645 sq.l
521 2588 636 2631 talia
677 2588 735 2632 ab
780 2587 1066 2633 aduersariis
1115 2588 1241 2633 dicta
1288 2589 1434 2632 fuisse
1481 2585 1788 2645 probabiliter
1829 2585 2078 2629 conicitur:
2128 2582 2413 2627 iniustitiam
2461 2579 2616 2625 scelus

268 2657 517 2702 mendacia
550 2660 615 2702 rei
648 2657 757 2701 inde
791 2671 933 2713 quam
963 2657 1224 2702 clarissime
1248 2659 1457 2714 conspici
1482 2656 1608 2713 quod
1630 2655 1863 2700 Herodem
1899 2668 1925 2697 a
1948 2667 1997 2697 se
2020 2652 2319 2697 interfectum
2343 2663 2446 2694 esse
2468 2654 2620 2705 neget,

271 2742 365 2784 quo
401 2728 582 2777 abierit,
621 2726 771 2771 dicere
803 2732 1030 2784 nequeat:
1073 2733 1174 2772 tota
1207 2727 1408 2784 denique
1441 2727 1559 2770 ratio
1594 2739 1732 2782 quam
1766 2739 1873 2769 reus
1907 2724 2092 2774 refutat,
2125 2735 2221 2765 non
2252 2720 2503 2778 probantis
2538 2723 2621 2770 est,

271 2797 354 2841 sed
388 2797 714 2842 aduersarium
754 2801 972 2854 petentis.
1038 2799 1363 2843 testimonium
1407 2811 1517 2840 uero
1551 2795 1768 2840 diuinum
1803 2808 1861 2838 nc
1894 2793 1941 2837 id
1975 2791 2167 2851 quidem
2200 2789 2260 2834 ad
2292 2790 2621 2848 probationem

272 2870 425 2925 ipsam
457 2871 700 2925 pertinens
733 2868 970 2926 longeque
1002 2871 1060 2915 ab
1095 2869 1180 2914 illa
1213 2874 1482 2925 separatum
1515 2873 1622 2924 apte
1655 2867 1892 2911 confertur
1924 2879 2031 2908 cum
2065 2861 2290 2906 mandato
2319 2859 2402 2904 illo
2426 2865 2621 2917 paterno

272 2940 502 2983 orationis
548 2941 750 2996 primae:
800 2946 852 2985 ut
898 2941 1058 2986 breuis
1107 2942 1211 2991 sim,
1260 2939 1336 2984 his
1376 2938 1530 2983 tribus
1571 2937 1863 2992 argumentis
1905 2949 2015 2991 pars
2059 2947 2112 2977 ca
2153 2932 2462 2976 constituitur
2503 2943 2624 2986 quac

275 3008 547 3054 aduersario
577 3009 815 3055 destinata
847 3016 929 3056 est.
984 3015 1120 3055 caute
1147 3008 1400 3059 inducitur,
1427 3007 1715 3052 defensionis
1742 3006 1944 3061 speciem
1977 3007 2118 3054 tenet,
2146 3003 2293 3046 euitat
2317 3000 2622 3045 inuectionis:

271 3078 487 3135 loquitur
533 3081 660 3124 enim
706 3080 1031 3135 Mytilenaeus
1080 3086 1124 3125 et
1172 3083 1335 3124 contra
1364 3078 1427 3134 [et
1473 3075 1601 3133 apud
1645 3075 1981 3120 Athenienses.
2061 3071 2304 3129 epilogum
2344 3068 2545 3123 longum
2583 3072 2626 3111 et

273 3148 488 3193 artificiis
520 3150 741 3195 refertum
775 3152 914 3196 uobis
948 3149 1164 3206 relinquo
1199 3151 1247 3193 in
1279 3153 1437 3205 partes
1471 3144 1739 3190 secandum.

485 3219 615 3265 Haec
656 3222 801 3276 igitur
838 3224 1183 3278 apparuerunt:
1228 3218 1576 3275 Antiphontem
1618 3229 1671 3259 ea
1718 3213 2034 3271 dispositione
2076 3210 2303 3255 orationis
2351 3205 2624 3252 iudiciariae

275 3306 417 3337 usum
465 3306 568 3336 esse
614 3294 750 3337 cuius
798 3290 1039 3349 exemplar
1078 3294 1150 3335 est
1183 3289 1385 3345 Gorgiae
1418 3284 1723 3336 Palamedes,
1767 3283 1856 3328 hoc
1899 3286 2057 3327 tamen
2096 3284 2307 3325 mutasse
2350 3282 2402 3322 ut
2440 3279 2627 3336 partem
