2829 3508
248 60 303 107 10

244 183 347 222 tum
388 182 643 235 antequam
684 190 781 222 rem
824 180 998 228 narrat,
1041 173 1262 222 debilitat
1299 173 1598 223 aduersarios
1632 174 1818 233 17-101
1864 176 2144 236 uituperans
2177 172 2305 235 quod
2336 180 2468 223 extra
2498 191 2594 223 rem

244 247 393 292 locuti
435 261 490 292 ea
531 261 652 305 quae
682 248 732 291 in
763 260 812 291 re
849 245 1045 304 publica
1079 249 1279 301 gesserit
1307 252 1548 304 geratque,
1580 250 1630 292 in
1661 250 1836 293 crimen
1867 248 2107 293 uerter-int.
2169 245 2342 292 similis
2373 251 2447 291 est
2476 246 2592 291 haec

245 332 353 375 pars
387 319 429 362 ei
456 316 584 376 quod
617 315 745 376 apud
769 315 995 374 Gorgiam
1028 318 1299 362 inuenimus
1322 315 1561 375 colloquio
1593 332 1699 363 cum
1733 315 2020 369 aduersario,
2051 314 2134 362 sed
2168 315 2262 362 alio
2292 313 2399 376 loco
2420 317 2592 373 posita.

244 389 459 445 sequitur
500 389 708 434 narratio
744 387 1032 433 breuissima
1076 386 1291 443 111--131
1335 400 1393 431 ex
1424 386 1741 446 Antiphontis
1779 401 1908 433 more
1949 386 2073 432 nihil
2113 385 2205 432 hoc
2240 384 2346 432 loco
2387 384 2594 444 proferre

244 457 377 502 soliti
409 459 504 502 nisi
535 462 806 515 opportuna
836 456 915 501 uel
947 461 1068 502 certe
1100 471 1197 502 non
1220 458 1460 508 nocitura;
1492 457 1761 514 choi-agiam
1796 459 1864 502 ita
1895 457 2043 502 fuisse
2064 458 2337 502 institutam
2358 460 2413 500 ut
2434 457 2596 500 omnia

243 527 364 571 bene
405 532 695 578 curarentur,
738 528 840 583 ipse
882 532 1042 571 tamen
1083 525 1250 570 adesse
1294 540 1390 571 non
1430 533 1608 583 posset,
1655 527 1841 573 fallenti
1881 525 2131 581 diligentia
2171 539 2279 570 reus
2318 529 2492 576 narrat,
2535 523 2593 569 de

243 600 394 641 morte
435 600 570 641 tacet.
634 597 905 641 narratione
943 595 1187 653 praeclare
1217 601 1499 654 praeparata
1539 602 1583 642 et
1623 595 1824 642 fundata
1853 595 2074 653 probatio
2106 599 2191 644 est,
2233 592 2291 639 de
2323 607 2417 650 qua
2448 606 2593 651 supra

244 668 337 722 egi:
379 681 438 711 ne
474 665 551 710 hic
587 663 777 722 quidem
811 679 919 710 reus
955 667 1247 721 argumentis
1281 673 1417 712 caute
1448 672 1494 712 et
1525 668 1781 712 summisse
1810 664 2009 724 prolatis
2042 663 2090 710 id
2123 666 2223 721 agit
2261 668 2316 709 ut
2351 661 2591 709 iudicibus

244 735 541 794 persuadeat,
580 733 663 780 sed
695 732 809 781 dum
842 749 897 781 ea
925 735 1100 793 probat
1132 750 1252 794 quae
1285 735 1362 782 uel
1394 736 1452 783 ab
1486 735 1770 783 aduersariis
1802 751 1900 784 non
1931 739 2168 791 negantur
2199 732 2277 780 uel
2309 735 2462 792 ipsam
2494 747 2591 779 rem

243 821 337 851 non
377 808 596 862 tangunt,
638 820 826 851 summa
866 807 1015 851 utitur
1056 804 1344 852 confidentia
1384 808 1521 864 quasi
1553 822 1611 853 ne
1643 806 1860 854 dubitare
1892 806 2081 865 quidem
2121 803 2178 850 de
2210 802 2589 851 aduersariorum

241 875 499 921 mendaciis
531 875 686 928 liceat,
710 875 762 920 cf.
790 879 884 927 §14
907 881 954 921 et
978 879 1032 921 19
1063 872 1161 918 ὅπου
1193 875 1236 918 δὲ
1267 879 1416 933 πρῶτον
1448 876 1517 933 μὲν
1549 875 1656 920 αὐτοὶ
1687 877 1721 918 οἱ
1753 876 1961 934 κατήγοροι
1992 875 2222 933 ὁμολογοῦσι
2253 874 2307 931 μὴ
2339 876 2382 917 ἐκ
2413 872 2591 931 προνοίας

239 943 324 1000 μηδ’
360 946 403 987 ἐκ
434 949 683 1002 παρασκευῆς
713 946 896 1002 γενέσθαι
926 945 990 988 τὸν
1024 944 1190 988 θάνατον
1221 950 1286 988 τῶι
1316 945 1436 996 παιδί,
1476 946 1609 990 ἔπειτα
1640 947 1686 989 ταὶ
1719 946 1944 1004 πραχθέντα
1977 947 2149 1004 φανερῶς
2180 941 2333 986 ἅπαντα
2364 946 2590 1001 πραχθῆναι

237 1014 300 1056 καὶ
341 1014 509 1058 ἐναντίον
541 1015 744 1073 μαρτύρων
775 1019 931 1058 πολλῶν
963 1049 971 1058 .
1003 1049 1023 1067 .,
1065 1018 1102 1065 ἐξ
1141 1013 1265 1073 ὧνπερ
1303 1015 1367 1058 καὶ
1407 1016 1445 1059 εἴ
1477 1017 1530 1065 τίς
1567 1035 1600 1060 τι
1635 1016 1798 1073 ἠδίκηκε
1835 1016 2103 1075 φανερώτατος
2140 1013 2186 1057 ἂν
2223 1013 2296 1070 εἴη,
2334 1013 2428 1071 [καὶ]
2467 1012 2504 1056 εἴ
2535 1028 2590 1061 τις

236 1083 443 1127 ἀδικοῦντα
476 1085 654 1136 αἰτιῶιτο,
696 1084 865 1142 μάλιστα
897 1086 1136 1144 ἐξελεγχέτω
1176 1085 1431 1144 ΙέΞεζέγχοιτο
1478 1087 1619 1143 codd,
1669 1092 1832 1133 monet
1870 1087 2051 1134 scilicet
2082 1092 2263 1133 actores
2295 1091 2349 1130 ut
2381 1098 2438 1130 ex
2470 1085 2587 1142 ipsis

239 1155 294 1199 iis
348 1156 524 1212 quibus
578 1157 753 1202 crimen
806 1160 1022 1214 apertum
1075 1156 1184 1209 fiat,
1244 1157 1446 1214 probent
1503 1159 1857 1204 criminationes
1914 1171 2035 1204 neue
2086 1171 2239 1203 uanas
2290 1156 2587 1213 suspiciones

237 1230 476 1280 spargant.
522 1225 692 1270 deinde
724 1227 773 1270 in
805 1239 934 1270 noua
964 1230 1098 1282 parte
1120 1226 1326 1282 πρόκλησιν
1350 1226 1483 1271 illam
1508 1241 1650 1283 quam
1683 1227 1942 1273 aduersarii
1974 1242 2071 1272 non
2093 1230 2382 1283 receperunt,
2404 1230 2586 1289 enarrat

235 1300 279 1337 et
321 1309 370 1338 se
412 1296 700 1340 testimoniis
745 1297 883 1339 certis
927 1298 998 1340 uti
1038 1296 1254 1341 uoluisse
1293 1310 1528 1352 usumque
1567 1311 1670 1341 esse
1711 1296 2018 1349 demonstrat,
2061 1301 2242 1341 actores
2281 1309 2388 1339 cum
2428 1294 2584 1337 crimi-

234 1365 455 1408 nationes
497 1365 697 1419 probare
729 1364 986 1417 noluerint,
1018 1367 1150 1422 ipsos
1191 1380 1241 1410 se
1278 1367 1466 1411 mentiri
1498 1371 1697 1411 testatos
1730 1379 1845 1411 esse.
1903 1372 1949 1411 et
1980 1372 2080 1412 tota
2110 1366 2257 1411 huius
2288 1364 2437 1421 partis
2469 1359 2586 1406 ra'tio

234 1435 584 1513 recusationem
617 1432 925 1490 aggrediendi
957 1439 1003 1479 et
1035 1436 1142 1515 ipsa
1175 1435 1317 1480 uerba
1351 1436 1400 1479 in
1432 1436 1568 1480 initio
1601 1437 1760 1493 posita
1795 1434 1894 1490 1201
1930 1430 2033 1483 ἄξιον
2059 1433 2087 1476 ὃ
2114 1434 2383 1489 ἐνθυνηθῆθαῑ
2404 1426 2587 1487 ὦᾶνῦρΞ·

232 1501 341 1568 ’λυ-’ἑὸ
344 1518 436 1559 τερα
468 1520 532 1545 καὶ
564 1507 630 1559 τῆς
662 1520 815 1560 ίνθὶθλης
845 1520 918 1546 ἴων
949 1520 1068 1546 αντιφ,
1072 1521 1151 1545 'Htw
1188 1502 1867 1562 l'ftffldm.1300‘wiss3070i2’7'.33¹
1907 1504 1953 1545 ti
1992 1518 2211 1561 ‘1530'2‘321-212.
2273 1505 2310 1550 ΞΞ
2350 1500 2476 1558 ἀρ[ῆ;
2513 1518 2587 1558 ’.ἀΰ

231 1572 343 1614 οὐδὲν
374 1572 519 1629 ὁηοίςω
551 1571 654 1616 οὗτοί
686 1590 728 1617 τε
758 1575 851 1631 πρὸς
883 1574 952 1631 ἐμὲ
984 1575 1190 1631 πράττουσι
1221 1574 1282 1617 καὶ
1316 1575 1446 1630 3362-
1435 1576 1491 1632 ρδ
1496 1593 1511 1623 ς
1542 1575 1696 1623 τούτους
1741 1574 1856 1621 adeo
1898 1589 2004 1620 cum
2046 1588 2099 1620 ea
2142 1572 2413 1619 Palamedis
2454 1578 2586 1631 parte

232 1656 352 1699 quae
384 1648 549 1689 contra
581 1643 905 1691 aduersarium
939 1649 1025 1697 est,
1059 1650 1103 1691 et
1135 1660 1239 1691 cum
1273 1645 1403 1692 illius
1437 1647 1573 1691 initio
1611 1645 1709 1701 1221
1737 1659 1830 1702 quo
1863 1650 1909 1690 et
1940 1647 2044 1703 ipso
2077 1658 2184 1690 reus
2216 1658 2266 1689 se
2289 1657 2396 1688 cum
2429 1648 2584 1688 actore

231 1719 474 1771 comparat
514 1714 583 1756 τίνι
615 1713 707 1757 ποτὲ
739 1715 945 1762 πιστεύσας
976 1718 1145 1763 τοιοῦτος
1176 1713 1225 1758 ὧν
1256 1715 1426 1758 τοιούτου
1458 1719 1694 1773 κατηγορεῖς.
1728 1718 1985 1761 concinunt
2028 1721 2080 1760 ut
2111 1713 2274 1760 eadem
2317 1714 2433 1760 haec
2475 1728 2584 1772 pars

231 1784 359 1840 apud
376 1784 728 1842 Antiphontem
760 1790 919 1831 extare
949 1787 1191 1843 probetur,
1225 1800 1275 1831 eo
1305 1791 1464 1831 tamen
1496 1785 1766 1831 discrimine
1789 1790 1843 1831 ut
1864 1784 2158 1842 colloquium
2181 1798 2287 1829 cum
2311 1782 2582 1829 aduersario

229 1866 326 1898 non
358 1855 651 1898 instituatur.
716 1868 836 1912 quae
879 1854 1006 1912 apud
1040 1854 1269 1912 Gorgiam
1308 1856 1494 1901 adnexa
1534 1864 1604 1900 est
1635 1854 1942 1911 ἀντικατηγορία,
1986 1868 2042 1898 ea
2073 1854 2201 1912 apud
2233 1853 2582 1911 Antiphontem

230 1922 359 1967 haud
404 1923 557 1968 multo
605 1929 716 1981 post
764 1927 931 1982 incipit
979 1925 1079 1979 [331
1136 1924 1326 1972 ἀποδείξω
1365 1925 1451 1980 ὑμῖν
1483 1926 1569 1972 τούς
1599 1925 1835 1981 κατηγόρους
1867 1924 2021 1971 τούτους
2054 1923 2346 1980 ἐπιορκοτοίτους
2377 1919 2488 1969 ὄντας
2520 1920 2584 1963 καὶ

228 1992 505 2048 ἀσεβεστάτους
538 1992 768 2049 ἀνθρώπιον,
799 2009 858 2039 ne
896 1998 1202 2040 excusatione
1252 1995 1440 2052 quidem
1485 1998 1663 2040 omissa
1704 1995 1870 2050 ἡγοῦμαι
1902 1994 1971 2050 μὲν
2002 1989 2066 2035 οὖν
2098 1991 2238 2034 καὶήὲκ
2269 1997 2340 2034 τῶν
2373 1992 2584 2049 εἰρημένων

227 2061 290 2103 καὶ
323 2062 659 2118 ἀποδεδειγμένων
689 2060 722 2104 ὦ
749 2061 883 2120 ἄνδρες
914 2064 1072 2110 δικαίως
1104 2062 1151 2106 ἄν
1183 2082 1254 2120 μου
1287 2064 1611 2121 ἀποψηφίσασθαι
1645 2064 1741 2120 ὑμᾶς
1773 2097 1781 2105 .
1813 2097 1820 2105 .
1852 2097 1860 2105 .
1890 2063 1952 2105 ἵνα
1984 2062 2013 2104 δ’
2050 2062 2103 2104 ἔτι
2135 2061 2199 2104 καὶ
2231 2058 2386 2118 ἄμεινον
2418 2060 2582 2118 μάθητε.

229 2131 360 2174 τούτου
393 2133 505 2174 ἕνεκα
537 2131 661 2175 πλείω
693 2133 801 2182 λέξω.
863 2134 940 2179 hic
973 2149 1083 2180 uero
1117 2135 1418 2193 sycophanta
1448 2137 1609 2181 missis
1641 2135 1842 2181 habenis
1875 2136 1921 2179 in
1956 2147 2148 2191 campos
2181 2132 2274 2179 sibi
2305 2133 2583 2178 notissimos

230 2205 556 2248 inuectionum
580 2209 626 2248 et
648 2207 1032 2250 criminationum
1056 2208 1272 2251 excurrit.
1313 2220 1462 2250 unum
1485 2205 1606 2250 addo
1626 2208 1739 2249 artis
1758 2205 2115 2262 Antiphonteae
2137 2205 2396 2260 proprium,
2420 2217 2580 2247 earum

228 2275 571 2326 narrationum,
612 2289 732 2331 quae
765 2280 810 2319 ct
842 2275 953 2320 huic
985 2279 1109 2332 parti
1143 2283 1186 2321 et
1220 2278 1261 2320 ei
1293 2290 1414 2332 qliae
1454 2275 1702 2327 antecedit,
1736 2277 1915 2321 insunt.
1947 2271 2121 2319 callida
2154 2271 2494 2318 distributione
2525 2289 2581 2319 ex

225 2357 272 2387 re
320 2345 547 2389 continua
595 2350 640 2388 et
687 2358 783 2389 una
817 2346 1067 2391 criminum
1117 2344 1478 2391 multitudinem
1526 2347 1737 2390 existere.
1816 2343 2022 2402 πρόκλησις
2070 2341 2154 2388 illa
2195 2342 2321 2389 nude
2366 2349 2583 2389 narratur

224 2416 411 2465 ’Συ-24,
460 2413 625 2459 dolose
673 2413 972 2460 aduersarios
1019 2417 1065 2460 in
1119 2415 1281 2461 eadem
1326 2429 1374 2459 re
1416 2417 1569 2469 egisse
1621 2414 1811 2460 additur
1854 2419 1923 2467 34,
1963 2415 2117 2471 prima
2158 2416 2398 2459 accusatio
2432 2418 2477 2459 et
2510 2430 2580 2458 re-

224 2483 496 2529 conciliatio
539 2487 728 2530 35—40
767 2489 1096 2542 exponuntur;
1140 2485 1421 2543 probatione
1462 2483 1666 2541 quadam
1709 2485 1984 2530 intermissa
2025 2484 2232 2529 narratio
2279 2484 2584 2529 continuatur

224 2556 409 2597 44-46
454 2552 638 2598 adnexa
681 2556 1045 2609 exaggeratione
1092 2555 1181 2610 147.
1217 2554 1321 2608 481;
1362 2554 1566 2611 denique
1597 2554 1793 2600 alterius
1830 2555 2151 2599 accusationis
2184 2553 2438 2599 consilium
2471 2567 2579 2611 pro-

223 2620 350 2667 ditur
382 2627 434 2667 ut
468 2622 638 2668 ultima
670 2622 928 2670 adflictatio
962 2639 1056 2682 qua
1088 2639 1159 2671 res
1193 2625 1472 2676 decernitur,
1505 2626 1552 2669 in
1587 2624 1679 2670 fine
1711 2623 1971 2671 collocetur
2006 2623 2097 2679 149.
2126 2622 2220 2678 501.
2284 2636 2436 2681 neque
2467 2622 2578 2681 plus

223 2690 352 2735 addit
392 2705 452 2735 nc
491 2694 590 2737 uim
634 2695 952 2738 accusationis
998 2694 1228 2745 debilitet,
1269 2696 1361 2738 nisi
1405 2695 1737 2738 breuissimam
1770 2696 2186 2749 exaggerationem
2229 2706 2336 2737 cum
2368 2692 2577 2737 iudicum

221 2759 362 2804 laude
415 2763 731 2814 coniunctam,
786 2763 1027 2820 epilogum
1082 2763 1288 2807 callidus
1341 2764 1639 2820 sycophanta
1692 2765 1870 2808 omittit
1921 2778 2028 2807 cum
2082 2766 2123 2806 ei
2175 2765 2256 2820 qui
2309 2760 2475 2806 multis
2534 2764 2581 2806 in

223 2828 450 2874 iudicium
484 2833 668 2876 uocatis
700 2846 924 2888 magnam
957 2832 1192 2878 inuidiam
1225 2836 1523 2882 contraxerit,
1556 2849 1649 2878 non
1684 2835 1835 2890 inagis
1868 2832 2006 2877 facile
2039 2847 2141 2877 esse
2174 2833 2293 2876 sciat.
2325 2833 2375 2876 in
2408 2831 2576 2878 aduer-

221 2901 372 2944 sarios
413 2901 646 2947 inuidiam
680 2908 954 2948 conuertere
986 2918 1128 2960 quam
1161 2902 1219 2948 de
1250 2905 1441 2960 propria
1472 2903 1604 2960 loqui
1636 2903 1959 2960 periculosum.
1992 2902 2439 2960 sycophantamque
2480 2918 2574 2949 nou

220 2968 405 3024 placere
446 2973 622 3015 sentiat
660 2974 755 3015 nisi
795 2973 887 3017 sibi
920 2977 1221 3018 constantem
1256 2987 1403 3030 osque
1436 2973 1635 3018 ferreum
1668 2978 1951 3024 seruantem,
1992 2977 2264 3028 precantem
2297 2985 2408 3017 uero
2443 2977 2584 3028 atque

220 3053 269 3082 se
303 3045 607 3086 excusantem
641 3039 720 3086 uel
754 3039 1167 3088 commendantem
1200 3040 1409 3089 ludibrio
1443 3047 1488 3087 et
1520 3040 1763 3100 despectui
1797 3056 1912 3087 esse.

430 3108 627 3155 Breuior
678 3125 782 3157 esse
832 3125 1031 3169 possum
1084 3112 1134 3156 in
1188 3113 1399 3158 oratione
1450 3114 1603 3169 prima
1653 3113 1788 3157 cuius
1840 3116 1887 3157 et
1938 3114 2274 3167 argumentum
2330 3115 2376 3155 et
2429 3125 2581 3156 mores

222 3175 619 3226 Wilamowitzius
661 3183 909 3239 perspicue
949 3180 1208 3240 explicauit
1252 3181 1429 3237 [Herm.
1464 3180 1609 3227 XXII
1639 3185 1722 3228 194
1754 3181 1861 3240 sql.
1914 3187 2025 3241 post
2054 3182 2349 3241 prooemium
2391 3186 2435 3226 et
2475 3188 2584 3228 ante

220 3251 541 3295 narrationem
574 3253 621 3294 in
646 3251 735 3294 hac
759 3265 947 3309 quoquc
971 3254 1197 3303 oratione,
1222 3265 1340 3308 quae
1363 3254 1508 3296 actori
1543 3254 1718 3309 script-a
1749 3258 1835 3304 est,
1857 3257 1987 3296 extat
2018 3266 2127 3310 pars
2152 3250 2395 3308 quaedam
2420 3259 2584 3298 contra

219 3317 542 3364 aduersarium
577 3334 773 3378 eamque
807 3324 1036 3366 rationem
1069 3335 1211 3380 quam
1245 3323 1292 3365 in
1325 3335 1468 3366 causa
1501 3321 1685 3377 agenda
1716 3326 1907 3367 secutus
1941 3326 2013 3366 est
2045 3321 2141 3376 1ἴι1ῑ
2176 3322 2387 3377 §magisne
2410 3321 2439 3364 δ’
2461 3322 2585 3382 ἔγωγε

2668 4 2672 8 .
2694 0 2752 11 «μμ»
2763 0 2805 19 25.
2818 0 2827 4 .-
