2829 3508
2574 50 2601 91 9

260 159 419 215 uerbis
458 179 579 225 opus
611 167 684 208 cst
714 157 764 207 in
795 177 842 207 re
874 167 920 207 et
948 176 1031 220 per
1062 178 1112 207 se
1151 164 1370 208 intricata
1410 167 1456 208 et
1490 167 1681 221 propter
1722 164 1930 222 corporis
1963 164 2232 208 orationum
2265 162 2600 209 Demostheni-

259 251 419 284 carum
451 233 742 292 singularem
774 237 994 279 naturam
1024 232 1450 292 periculosissima:
1498 232 1579 278 sed
1621 248 1746 279 unus
1788 238 1919 279 extat
1962 232 2193 279 formulae
2232 232 2366 279 illius
2408 246 2602 279 seuerus

264 311 554 359 obseruator,
585 303 803 362 Antipho
835 303 1180 354 Rhamnusius,
1218 307 1260 350 si
1290 303 1562 361 tetralogias
1595 307 1774 362 excipis
1813 307 2082 350 inuentioni
2120 297 2310 350 tantum
2348 318 2601 361 argumen-

264 386 418 426 torum
452 376 779 432 sermonisque
809 374 1097 421 sublimitati
1128 374 1414 420 excolendae
1446 374 1718 420 destinatas.
1781 374 1838 419 dc
1871 390 1962 432 quo
1996 377 2089 421 iam
2120 375 2261 433 plura
2292 374 2456 420 dicam.

468 446 665 491 Initium
697 445 815 489 facio
848 461 905 490 ex
938 447 1232 490 orationibus
1265 452 1400 489 sexta
1431 452 1476 489 et
1500 447 1652 503 prima
1684 459 1880 502 quarum
1914 452 2193 501 argumenta
2223 445 2301 490 uel
2332 459 2415 502 per
2445 459 2496 490 se
2528 445 2606 489 uel

265 520 472 563 uirorum
520 514 765 560 doctorum
812 517 978 560 merito
1027 516 1118 559 fere
1163 518 1415 575 perspicua
1461 521 1584 559 sunt.
1650 517 1697 558 in
1738 515 1823 558 illa
1864 529 2010 559 causa
2051 518 2208 571 agitur
2246 529 2274 558 a
2305 515 2607 572 sycophanta

267 584 472 643 quodam
505 583 791 629 Atheniensi
834 584 990 630 caedis
1032 587 1303 630 incruentae
1350 584 1699 630 inuoluntariae
1746 584 1873 641 apud
1919 584 2098 629 iudices
2132 584 2191 629 ad
2224 584 2498 629 Palladium
2529 598 2606 629 reo

267 653 394 712 quod
427 667 531 699 cum
565 667 649 710 pro
682 653 903 700 tribubus
926 659 972 700 et
994 670 1096 700 sua.
1121 653 1447 706 Erechtheide,
1486 660 1530 698 ct
1547 652 1803 710 Cecropide
1835 652 1907 698 illi
1939 653 2163 699 adiuncta
2193 654 2427 710 choragus
2460 660 2607 698 certa-

268 725 409 770 minis
452 724 622 768 musici
662 737 915 780 puerorum
960 726 1008 769 in
1047 723 1310 779 'shargeliis
1359 722 1611 769 inducendi
1658 725 1949 768 constitutus
1996 730 2130 771 esset,
2174 740 2300 770 unus
2347 739 2404 768 cx
2452 726 2609 782 pueris

271 793 513 840 certamini
546 791 794 838 destinatis
832 798 1087 851 postquam
1134 796 1182 839 in
1226 793 1366 839 domo
1415 794 1605 850 choi-agi
1653 795 1860 838 exercitii
1906 809 2052 839 causa
2092 800 2302 840 moratus
2350 792 2609 840 remedium

271 866 373 907 siue
408 861 698 908 ualetudinis
728 878 783 918 gi
785 866 879 909 itia
913 866 1015 910 siue
1047 864 1104 909 ad
1139 879 1301 910 uocem
1347 862 1689 909 emendandun
1731 865 1833 908 siue
1872 862 1965 908 alia
2007 879 2099 921 qua
2139 862 2195 908 de
2237 878 2380 909 causa
2417 864 2612 920 accepit,

270 937 469 978 mortem
503 933 632 978 obiit.
697 935 912 1005 quaestio
957 949 1050 979 non
1084 935 1194 979 tacti
1235 939 1320 985 cst,
1368 933 1449 978 sed
1492 935 1627 985 iuris;
1675 933 1801 991 quod
1848 936 1972 979 (nim
2019 948 2125 978 reus
2172 948 2222 978 se
2268 948 2419 991 neque
2464 946 2610 991 puero

273 1000 530 1047 remedium
563 1001 766 1048 dedisse
781 1017 932 1060 nequo
962 1003 1061 1049 11311
1095 1005 1293 1049 iussisse
1327 1019 1477 1061 nequ(
1506 1002 1662 1049 dmdo
1695 1002 1904 1049 adfuisse
1936 1018 2032 1048 non
2065 1005 2166 1048 sine
2198 1018 2369 1059 magno
2411 1005 2612 1061 strepitu

271 1070 529 1124 contendit
561 1072 685 1118 nihil
716 1073 775 1118 ad
808 1089 902 1119 rem
937 1074 1061 1124 facit,
1099 1073 1181 1119 scd
1215 1075 1458 1131 quaeiitur
1490 1075 1640 1131 primo
1674 1089 1786 1119 num
1821 1073 2069 1129 choragia(
2099 1072 2177 1118 lex
2210 1073 2439 1131 quaedam
2472 1074 2613 1118 fuerit

274 1147 326 1185 ut
349 1140 574 1198 quicquid
598 1143 850 1192 clloreutis,
883 1143 994 1187 dum
1021 1143 1147 1199 apud
1170 1143 1426 1197 choragum
1460 1145 1668 1188 exercitii
1690 1159 1834 1188 causa
1855 1148 2026 1194 essent,
2057 1142 2317 1193 accidisset,
2351 1143 2394 1188 id
2419 1144 2613 1198 choi-agi

272 1210 481 1268 periculo
514 1211 658 1261 tieret,
691 1211 859 1257 deinde
891 1229 1003 1258 num
1038 1216 1118 1270 qui
1151 1228 1309 1258 curam
1343 1215 1405 1257 rei
1440 1213 1640 1259 alicuius
1673 1213 1780 1258 aliis
1812 1213 2123 1266 mandauerit,
2157 1213 2201 1257 id
2236 1213 2361 1270 quod
2393 1215 2499 1258 fecit
2531 1212 2614 1257 ille

274 1281 508 1336 choragiis
546 1282 634 1336 112.
663 1282 755 1337 131,
798 1298 847 1327 se
881 1285 1037 1340 ipsum
1069 1283 1278 1340 periculo
1311 1283 1509 1329 liberare
1540 1286 1762 1341 potuerit,
1805 1299 1924 1340 qnae
1956 1286 2277 1328 controuersia
2309 1298 2401 1340 qua
2432 1285 2614 1327 ratione

274 1353 320 1394 in
356 1351 454 1394 iure
486 1351 648 1396 Attico
681 1354 867 1397 tractari
901 1352 1043 1398 solita
1076 1354 1151 1402 sit,
1184 1355 1400 1398 nescitur.
1459 1358 1566 1398 utut
1597 1359 1755 1398 tamen
1788 1354 1901 1398 hae(-
1943 1369 1992 1397 se
2034 1353 2224 1404 habent,
2267 1353 2525 1408 choragum
2569 1367 2615 1396 re

280 1434 390 1464 uera
422 1435 518 1466 nou
550 1426 603 1465 ut
633 1421 800 1466 caedes
833 1424 1114 1478 expiaretur,
1147 1425 1193 1467 in
1219 1422 1443 1467 indicium
1469 1428 1687 1468 uocatum
1720 1437 1821 1467 esse
1843 1428 2044 1473 constat,
2068 1421 2147 1466 sed
2173 1427 2223 1466 ut
2242 1438 2346 1467 cum
2377 1421 2614 1468 molest-is-

278 1493 451 1536 simum
485 1491 834 1548 sycophantam
868 1506 917 1535 sc
949 1494 1121 1547 egisset
1172 1492 1247 1546 [cf.
1281 1492 1471 1545 8—101,
1518 1506 1698 1549 poenae
1730 1492 1966 1547 legitimae
1998 1491 2251 1536 damnatus
2284 1491 2426 1536 exilio
2459 1490 2614 1535 solu-ni

280 1566 458 1606 uertere
490 1563 557 1605 ita
589 1566 830 1615 cogeretur
861 1566 914 1605 ut
944 1561 1091 1606 redire
1123 1564 1162 1605 ei
1196 1577 1292 1607 non
1325 1562 1483 1606 liceret
1513 1564 1605 1606 nisi
1639 1562 1697 1606 ab
1730 1560 1970 1607 adfinibus
1998 1563 2185 1614 mortui,
2219 1563 2299 1618 qui
2331 1567 2376 1605 et
2400 1563 2490 1618 ipsi
2514 1563 2616 1604 eius

281 1630 617 1676 uexationibus
652 1630 847 1675 obnoxii
879 1636 1025 1683 erant,
1056 1632 1290 1688 permissu
1323 1633 1581 1689 impetrato.
1633 1631 1714 1677 ille
1736 1633 1860 1676 enim
1883 1633 2032 1688 primo
2057 1632 2347 1676 Aristionem
2371 1630 2617 1675 Philinum

279 1699 589 1756 Ampelinum
622 1700 1045 1745 tllesmothetarum
1094 1702 1296 1746 scribam
1343 1701 1587 1757 peculatus
1636 1715 1780 1745 causa
1825 1701 1885 1745 ad
1932 1707 2149 1745 senatum
2196 1700 2442 1751 detulerat,
2489 1714 2560 1744 res
2594 1714 2619 1743 a

280 1775 447 1814 senatu
481 1768 654 1815 iudicio
687 1768 860 1814 tradita
891 1775 1001 1822 erat,
1034 1769 1133 1815 dies
1166 1772 1451 1815 constitutae
1483 1773 1530 1815 in
1562 1770 1705 1815 finem
1730 1772 1906 1815 mensis
1931 1769 2270 1815 Munichionis.
2318 1784 2425 1814 cnm
2449 1775 2617 1826 quarto

278 1839 353 1885 die
385 1844 493 1884 ante
524 1840 726 1897 priorem
759 1838 920 1885 indicii
953 1839 1077 1885 diem
1105 1854 1221 1897 puer
1248 1846 1460 1886 mortuus
1489 1846 1627 1892 esset,
1656 1840 1806 1897 pridie
1829 1840 1969 1885 frater
1991 1842 2093 1885 eius
2118 1839 2411 1885 Philocrates
2435 1855 2618 1885 reorum

280 1910 460 1954 amicus
492 1908 828 1954 thesmothetis
861 1923 1015 1955 coram
1049 1911 1223 1956 iudicio
1248 1925 1305 1956 ne
1337 1916 1479 1956 testes
1512 1910 1745 1961 deessent,
1777 1912 2020 1956 nuntiauit
2048 1926 2096 1955 se
2115 1909 2267 1961 illum,
2291 1911 2371 1967 qui
2393 1907 2621 1967 postridie

280 1982 444 2023 contra
475 1978 721 2024 Philinum
765 1985 809 2024 et
840 1982 994 2026 socios
1026 1994 1218 2025 causam
1252 1986 1441 2026 acturus
1475 1986 1610 2033 esset,
1658 1980 1814 2025 caedis
1856 1996 1958 2025 esse
2001 1986 2350 2029 accusaturum,
2396 1978 2621 2024 iudicium

281 2051 426 2104 igitur
457 2051 707 2094 conuocari
739 2064 835 2094 non
872 2064 1012 2107 posse
1060 2050 1186 2108 quod
1234 2053 1381 2096 actori
1424 2050 1578 2096 caedis
1623 2065 1699 2096 reo
1744 2065 1851 2095 cum
1899 2050 2078 2107 populo
2127 2065 2261 2104 agere
2308 2064 2403 2096 non
2451 2048 2620 2096 liceret.

282 2118 581 2177 sycophanta
612 2121 763 2177 primo
797 2119 1005 2176 προκλήσει
1038 2135 1088 2165 se
1120 2120 1341 2173 defendit,
1375 2134 1514 2178 quam
1547 2125 1600 2165 ut
1633 2133 1807 2165 uanam
1855 2126 1899 2164 et
1945 2119 2160 2165 inutilem
2205 2134 2290 2164 suo
2325 2121 2422 2163 iure
2456 2116 2620 2164 Philo-

282 2196 431 2233 crates
464 2191 634 2233 reiecit.
697 2189 821 2233 idem
862 2191 1036 2234 factum
1077 2196 1147 2233 est
1180 2193 1284 2247 ipso
1327 2190 1487 2234 indicii
1526 2190 1615 2239 die,
1663 2189 1746 2234 sed
1778 2204 1884 2233 cum
1919 2189 2211 2234 Philocrates
2244 2196 2293 2233 ut
2327 2189 2623 2245 propositum

285 2264 632 2317 exsequeretur,
663 2258 882 2305 libellum
914 2263 1012 2316 regi
1044 2260 1251 2305 dedisset
1283 2267 1326 2305 et
1359 2263 1582 2305 remissus
1615 2264 1741 2304 esset
1771 2262 1821 2304 in
1843 2274 2021 2304 annum
2056 2265 2343 2316 sequentem,
2376 2257 2497 2302 nihil
2530 2260 2622 2302 iam

288 2330 511 2373 obstabat
543 2332 658 2384 quin
690 2329 917 2373 iudicium
951 2335 1301 2381 conuocaretur,
1334 2336 1378 2372 et
1410 2345 1479 2373 res
1503 2335 1668 2374 contra
1690 2329 1938 2372 Philinum
1971 2335 2015 2372 et
2044 2331 2196 2372 socios
2220 2327 2414 2371 feliciter
2435 2331 2623 2382 peracta

285 2402 369 2441 cst.
422 2397 732 2448 Philocrates,
764 2401 857 2442 nisi
889 2398 1191 2455 sycophanta
1221 2401 1459 2449 mentitur,
1501 2413 1549 2441 se
1581 2397 1706 2441 nihil
1738 2401 1834 2441 iam
1866 2403 2029 2441 contra
2061 2397 2196 2440 illum
2228 2405 2439 2440 acturum
2465 2408 2619 2439 coram

287 2468 490 2513 testibus
522 2469 752 2525 promisit.
816 2483 969 2512 nouae
1002 2474 1158 2512 tamen
1195 2482 1221 2512 a
1253 2468 1549 2524 sycophanta
1580 2468 1858 2512 uexationes
1892 2467 2135 2511 instabant
2170 2480 2293 2509 anno
2328 2467 2619 2519 insequente,

287 2552 394 2582 cum
436 2542 577 2582 sortes
602 2542 792 2582 senator
832 2537 984 2582 factus
1025 2544 1148 2582 esset
1187 2540 1382 2594 eiusque
1422 2538 1571 2581 tribus
1604 2539 1806 2593 primam
1838 2538 2109 2593 prytaniam
2143 2536 2420 2591 accepisset:
2464 2535 2624 2577 statim

289 2609 414 2652 enim
466 2611 575 2665 post
626 2609 738 2652 anni
790 2609 977 2652 initium
1030 2609 1187 2652 uarios
1241 2609 1545 2664 magistratus
1593 2608 1643 2651 in
1691 2612 1857 2651 senatu
1907 2607 1954 2650 in
2005 2604 2253 2661 peculatus
2305 2604 2623 2660 suspicionem

291 2679 493 2723 uocauit.
572 2678 741 2723 iterum
788 2676 1082 2723 Philocrates
1130 2678 1218 2724 snb
1267 2677 1409 2724 tinem
1454 2679 1701 2736 prytaniae
1740 2690 1900 2722 mense
1933 2676 2273 2730 Metagitnione
2319 2688 2426 2720 eum
2466 2671 2625 2717 caedis

291 2748 644 2794 inuoluntariae
690 2747 818 2804 apud
853 2753 1018 2804 ’regem
1067 2751 1330 2800 aecus-dum
1377 2751 1559 2793 actione
1601 2754 1787 2805 recepta
1828 2747 2125 2803 sycophanta
2168 2761 2273 2790 cum
2315 2746 2477 2788 ceteris
2508 2742 2626 2787 locis

291 2818 497 2874 publicis
555 2817 827 2874 prohibitus
878 2823 949 2862 est
999 2823 1099 2862 tum
1152 2833 1209 2863 ex
1261 2825 1428 2862 senatu
1488 2820 1687 2868 ciectus,
1755 2820 1874 2861 actio
1936 2821 2097 2860 contra
2150 2816 2457 2869 magistratus
2517 2811 2626 2856 illos

292 2902 526 2943 suspensa
562 2886 676 2941 [501.
740 2886 968 2931 iudicium
1001 2885 1061 2930 ad
1094 2886 1366 2932 Palladium
1403 2893 1717 2932 conuocatum
1749 2891 1820 2930 est
1852 2899 2011 2929 mense
2043 2884 2453 2934 Maemacterione,
2486 2895 2624 2937 syco-

293 2956 503 3013 phantae
535 2971 612 3002 reo
645 2956 863 3014 Antipho
909 2959 1169 3001 orationem
1209 2959 1412 3014 scripsit,
1451 2959 1523 3001 cui
1562 2959 1708 3001 actori
1740 2955 1863 3000 idem
1897 2955 2103 2998 officium
2136 2955 2432 3009 praestiterat
2464 2956 2631 2995 contra

230 3022 233 3025 ’
294 3025 553 3071 Philinum.

502 3095 666 3140 Oratio
700 3099 807 3153 ipsa
837 3098 904 3141 ita
936 3096 1093 3141 diuisa
1124 3102 1207 3140 est.
1270 3099 1319 3140 in
1350 3096 1588 3153 prooemio
1625 3094 1782 3150 [fil—6]
1818 3108 1923 3138 reus
1957 3108 2005 3136 se
2038 3091 2219 3135 nullius
2248 3089 2363 3134 mali
2385 3091 2629 3134 conscium

296 3165 388 3210 sibi
433 3180 535 3210 esse
580 3165 807 3218 affirmat,
866 3165 1033 3210 deinde
1080 3170 1241 3211 monet
1286 3171 1338 3210 ut
1383 3181 1440 3210 ex
1485 3163 1671 3220 legibus
1721 3166 1911 3222 optimis
1957 3167 2003 3206 et
2049 3161 2365 3205 sanctissimis
2420 3165 2630 3204 actorum

296 3236 648 3282 criminationes
696 3239 819 3282 iuste
865 3238 1196 3288 aestimentur,
1254 3235 1456 3293 denique
1503 3234 1740 3280 iudicibus
1784 3235 2065 3289 grauitatem
2114 3245 2284 3276 causae
2331 3231 2380 3274 in
2426 3233 2633 3274 mentem

298 3311 499 3349 reuocat.
563 3321 714 3363 neque
748 3322 856 3351 uero
889 3313 1106 3366 precatur
1137 3306 1214 3351 uel
1247 3312 1418 3364 captat,
1450 3304 1531 3349 sed
1554 3307 1673 3349 truci
1707 3303 1908 3361 quadam
1941 3301 2114 3346 fiducia
2147 3302 2349 3358 imponit
2381 3297 2632 3344 iudicibus

2363 3394 2385 3430 2
