2829 3508
227 35 255 85 4

228 154 339 200 Ε111·.
372 152 483 199 Hec.
520 157 599 199 131
634 159 680 200 et
713 149 841 214 apud
872 149 1210 201 Philodamum
1247 150 1364 211 [1101.
1397 150 1530 200 Ηο1·0.
1564 150 1632 200 ΙΙΙ
1665 149 1750 201 col.
1786 158 1841 200 63
1872 151 1926 199 cf.
1951 150 2098 208 Diels,
2131 153 2310 201 Archiv
2347 150 2376 199 f.
2412 149 2582 198 Gesch.

229 224 270 269 d.
319 224 503 269 Philos.
554 224 625 269 III
670 224 797 278 4541,
850 223 1130 270 concludere
1177 224 1297 269 licet.
1380 241 1492 270 nam
1542 225 1846 270 Hei-mannus
1894 224 2027 269 Diels
2080 227 2301 283 quamuis
2353 226 2585 281 sagaciter

230 293 459 349 Gorgiam
492 294 647 338 sicubi
679 308 809 338 more
841 293 1022 337 saeculi
1054 292 1187 337 illius
1220 292 1448 349 φυσιόλογον
1481 308 1616 349 agere
1647 293 1808 346 uellet,
1840 292 1971 338 haud
1993 307 2145 351 pauca
2167 307 2195 338 a
2215 299 2325 338 uate
2347 294 2582 349 Agrigen-

229 365 330 409 tino
365 367 636 408 mutuatum
670 376 773 408 esse
804 363 1078 420 probauerit
1114 361 1457 418 {Sitzungsben
1487 362 1529 408 d.
1554 362 1674 408 Berl.
1699 361 1854 408 Akad.
1891 366 2003 408 1884
2033 377 2076 421 p.
2096 362 2222 418 3431,
2255 376 2434 408 errasse
2464 360 2582 406 mihi

230 431 421 477 uidetur
452 445 560 477 cum
593 430 875 478 elocutionis
900 431 1170 488 Gorgianae
1202 430 1448 478 illecebras
1483 431 1541 476 ad
1577 446 1802 477 uersuum
1839 430 2265 489 Empedocleorum
2298 430 2582 488 elegantiam

229 506 276 546 et
330 502 531 547 nitorem
586 502 820 546 reuocarit
875 502 1022 546 nimia
1077 498 1170 545 fide
1214 498 1386 557 Satyro
1433 500 1618 546 homini
1665 502 1987 557 nugacissimo
2039 499 2199 556 [Diog.
2236 499 2388 546 Laert.
2424 502 2464 552 8,
2502 498 2579 553 58]

229 570 421 620 tributa,
453 569 823 627 Aristotelisque
862 569 944 615 ille
975 569 1111 615 locus
1151 568 1297 625 longa
1338 569 1475 615 aliter
1516 584 1618 614 0550
1657 568 2040 628 interpretandus
2083 583 2223 627 quem
2263 583 2320 615 ex
2353 568 2584 626 Sophista

234 639 339 695 lrfrg.
353 639 430 694 65]
452 642 655 696 petitum
689 641 866 696 optime
899 639 1076 685 Sextus
1118 638 1247 694 [adu.
1267 639 1359 694 log.
1383 644 1420 690 1,
1442 640 1489 694 61
1527 641 1738 685 seruauit
1764 639 2038 695 Ἰ·ἱμπεῦοκλεά
2069 639 2138 694 μὲν
2168 639 2241 695 γὰρ
2272 638 2293 680 ὁ
2322 637 2583 695 Ἀριστοτέλης

228 707 322 765 φησὶ
354 712 500 765 πρῶτον
531 707 735 765 ῥητορικὴν
765 709 1008 764 κεκινηκέναι
1040 704 1085 764 ἧς
1117 707 1364 765 ἀντίστροφον
1397 708 1493 751 εἶναι
1524 709 1590 764 τὴν
1624 708 1867 765 διαλεκτικήν
1899 742 1907 751 .
1939 742 1947 751 .
1977 741 1986 751 .
2017 707 2132 751 πάλιν
2154 707 2317 765 Ζήνωνα
2339 710 2582 762 διαλεκτικῆς

228 777 402 835 ἀρχηγὸν
444 776 668 834 ὑπείληφεν.
731 777 976 834 Gorgiana
1016 779 1141 824 enim
1183 779 1410 823 orationis
1453 778 1651 823 artificia
1692 777 1751 824 ad
1790 778 2109 824 elocutionem
2141 780 2394 837 pertinent,
2439 790 2579 835 quam

231 850 345 894 artis
388 850 542 904 magis
581 850 796 906 poeticae
835 862 978 905 quam
1024 850 1255 894 oratoriae
1286 850 1525 905 propriam
1558 863 1660 893 esse
1693 848 1974 894 Aristoteles
2017 848 2187 900 uoluit,
2230 853 2351 894 certe
2391 848 2450 894 ab
2492 846 2581 892 hae

229 919 484 975 separauit,
529 920 762 965 oratoriae
802 922 961 963 autem
1003 919 1116 963 artis
1159 919 1296 974 quasi
1338 919 1548 964 animam
1591 932 1694 963 esse
1739 918 2067 975 probationem
2116 932 2199 975 per
2240 916 2579 974 syllogismum

230 987 518 1034 rhetoricum
587 1003 644 1034 ex
706 993 804 1034 arte
865 986 1111 1033 dialectica
1173 988 1441 1033 deriuatum
1508 987 1852 1034 instituendam
1921 990 2281 1045 pronuntiauit,
2358 986 2582 1033 Platonis

229 1056 504 1104 Phaedrum
536 1063 590 1105 ut
621 1057 743 1104 solet
775 1061 980 1104 secutus.
1038 1058 1299 1109 ⁷,mouisse'··
1335 1059 1480 1113 igitur
1511 1064 1657 1104 artem
1681 1059 1933 1104 oratoriam
1957 1073 2016 1104 ex
2037 1056 2312 1104 Aristotelis
2345 1057 2581 1103 sententia

226 1141 365 1174 nemo
407 1128 567 1185 potuit
609 1128 703 1173 nisi
747 1129 787 1173 is
833 1128 915 1185 qui
952 1128 1135 1185 primus
1181 1129 1638 1183 argumentationem
1680 1126 1975 1174 dialecticam
2015 1129 2084 1173 ita
2121 1126 2354 1173 excoleret
2386 1131 2439 1172 ut
2469 1130 2581 1184 apta

228 1199 404 1244 oratori
433 1196 588 1243 fieret:
623 1198 714 1244 hoc
746 1200 968 1243 meritum
1003 1196 1284 1255 Empedocli
1322 1196 1589 1243 uindicauit
1620 1199 1778 1243 nescio
1812 1211 1906 1255 qua
1936 1197 2063 1243 fama
2100 1222 2156 1227 —
2198 1210 2309 1244 nam
2343 1198 2580 1243 orationes

227 1266 532 1324 Empedoclis
573 1281 671 1312 non
715 1267 944 1312 extabant
986 1291 1041 1295 —
1083 1266 1353 1323 perductuS,
1394 1267 1485 1311 hac
1525 1266 1582 1312 de
1623 1281 1765 1311 eausa
1807 1282 1913 1312 eum
1946 1281 2053 1312 cum
2084 1267 2275 1312 Zenone
2317 1267 2577 1311 coniunxit..

228 1344 280 1382 ut
315 1336 375 1382 ad
408 1351 506 1382 rem
538 1337 741 1390 redeam,
772 1336 949 1382 librum
982 1338 1085 1381 siue
1117 1334 1274 1381 Tisiae
1305 1337 1408 1381 siue
1441 1337 1629 1381 Coracis
1663 1339 1765 1382 siue
1796 1336 1920 1382 alius
1954 1335 2201 1382 cuiusdam
2235 1341 2344 1381 ante
2376 1335 2580 1390 Gorgiae

227 1405 488 1452 aduentum
520 1406 728 1451 Athenis
770 1421 868 1451 non
906 1410 1074 1451 notum
1115 1405 1262 1449 fuisse
1301 1419 1396 1450 non
1435 1410 1530 1450 tam
1565 1420 1621 1450 ex
1654 1406 1921 1451 Pausaniae
1961 1405 2274 1452 concluserim
2306 1407 2575 1455 narratione

226 1490 321 1532 qua
351 1476 530 1520 Tisiam
573 1476 718 1520 simul
761 1490 868 1520 cum
914 1476 1092 1530 Gorgia
1135 1475 1351 1519 Athenas
1396 1477 1584 1518 uenisse
1628 1475 1769 1518 tradit
1818 1475 1907 1529 [VI
1948 1480 2015 1524 17,
2056 1475 2123 1529 81,
2175 1475 2258 1519 sed
2301 1473 2410 1519 inde
2453 1474 2577 1530 quod

226 1546 480 1602 Euripides
533 1545 758 1590 uocabuli
811 1545 912 1591 εἰκός
964 1561 1106 1589 11511111
1160 1546 1446 1588 1·110101·1011111
1508 1560 1603 1589 non
1656 1548 1809 1600 magis
1863 1548 1999 1590 nouit
2050 1546 2127 1589 uel
2178 1547 2372 1590 nouisse
2425 1544 2580 1588 uoluit

230 1614 306 1669 [cf.
340 1613 550 1659 Thomas
582 1612 755 1664 Miller,
793 1613 1049 1671 Euripides
1083 1613 1345 1658 rhetoricus
1379 1612 1491 1657 diss.
1528 1613 1741 1669 Gotting.
1775 1629 1818 1671 p.
1853 1614 1930 1668 32}
1968 1629 2109 1670 quam
2143 1613 2343 1659 artificia
2376 1613 2580 1668 Gorgiae

225 1686 431 1741 propria,
465 1698 754 1741 quamquam
794 1684 1292 1740 argumentationibus
1332 1685 1502 1730 acutis,
1535 1684 1833 1729 orationibus
1867 1688 2082 1729 accurate
2114 1682 2361 1740 dispositis
2395 1688 2441 1728 et
2471 1697 2580 1740 pro-

227 1755 380 1801 oemia
430 1752 742 1812 epilogosque
794 1753 1103 1806 habentibus,
1156 1754 1261 1811 ipso
1314 1766 1528 1799 sermone
1582 1754 1708 1799 uitae
1770 1751 2127 1800 accommodato
2189 1754 2304 1799 artis
2352 1753 2582 1799 oratoriae

224 1824 585 1881 peritissimum,
629 1825 724 1869 nisi
764 1837 948 1869 meeum
992 1836 1234 1868 summum
1276 1821 1517 1880 exemplar
1559 1822 1709 1869 dicere
1750 1823 1998 1876 111011111115,
2045 1825 2092 1868 111
2132 1822 2374 1868 Alcestide
2414 1821 2582 1867 Medea

225 1891 494 1951 Hippolyto
537 1908 635 1939 non
676 1895 836 1938 minus
880 1907 1023 1950 quam
1063 1895 1112 1937 in
1154 1895 1318 1936 ceteris
1351 1891 1529 1937 fabulis
1564 1907 1614 1937 50
1646 1896 1895 1950 praestitit.
1959 1894 2153 1938 extabat
2185 1894 2331 1949 igitur
2362 1892 2440 1937 uel
2472 1896 2581 1937 ante

226 1962 409 2007 bellum
442 1962 906 2020 Peloponnesiacum
931 1962 1139 2007 Athenis
1173 1976 1248 2005 ars
1281 1961 1510 2019 quaedam
1546 1962 1844 2019 eloquentiae
1877 1962 1993 2008 adeo
2028 1962 2277 2018 magnifice
2309 1961 2499 2007 exculta
2531 1967 2581 2005 ut

226 2031 483 2090 Euripides
522 2048 630 2078 cum
675 2034 1072 2089 quinquagesimo
1116 2032 1209 2076 fere
1254 2034 1353 2075 eius
1387 2046 1514 2076 anno
1549 2033 1751 2088 Gorgias
1793 2034 1988 2085 ueniret,
2029 2034 2129 2076 eius
2164 2038 2310 2076 artem
2342 2033 2580 2077 nouiciam

225 2116 337 2159 prae
369 2104 569 2160 antiqua
600 2101 687 2147 illa
716 2117 913 2159 prorsus
947 2106 1199 2159 sperneret.

432 2170 594 2217 Vnum
627 2176 750 2216 certe
783 2173 897 2216 artis
930 2169 1118 2216 dicendi
1150 2172 1431 2225 magistrum
1464 2170 1844 2216 Atheniensibus
1878 2176 1985 2216 ante
2024 2186 2062 2215 a.
2097 2174 2180 2215 427
2224 2176 2390 2215 110111111
2432 2171 2578 2215 fuisse

224 2244 427 2292 constat,
474 2239 887 2297 Thrasymachum
922 2238 1321 2284 Chalcedonium:
1370 2238 1584 2296 alioquin
1632 2240 1690 2285 ab
1739 2240 2064 2297 Aristophane
2112 2242 2160 2285 in
2208 2238 2579 2285 Daetalensibus

228 2309 332 2367 [frg.
360 2309 465 2365 198]
502 2316 901 2364 commemoratus
935 2323 1032 2355 non
1065 2309 1244 2354 suisset.
1304 2324 1504 2366 quorum
1548 2323 1658 2356 uero
1700 2311 1748 2354 in
1788 2322 1929 2355 usum
1961 2310 2103 2356 homo
2138 2307 2489 2355 Chalcedonius
2522 2322 2579 2353 ex

223 2379 339 2425 urbe
371 2378 744 2424 Atheniensium
788 2381 920 2424 50010
962 2377 1192 2424 oriundus
1238 2383 1384 2423 artem
1434 2377 1620 2423 dicendi
1667 2378 1936 2424 excoluisse
1982 2380 2141 2437 putari
2186 2383 2345 2436 potest
2392 2380 2485 2423 nisi
2531 2380 2580 2422 in

224 2448 595 2494 Atheniensium
639 2464 842 2506 quorum
883 2450 931 2493 in
974 2448 1222 2505 republica
1263 2448 1367 2492 sola
1410 2453 1510 2492 tum
1554 2450 1601 2492 in
1634 2450 1739 2504 ipsa
1772 2447 1970 2492 Graecia
2010 2447 2281 2503 eloquentia
2328 2447 2491 2492 florere
2538 2453 2584 2491 et

221 2523 409 2576 poterat
441 2524 486 2563 et
518 2516 754 2564 debebat?
788 2533 940 2575 neque
973 2533 1082 2563 uero
1117 2520 1314 2562 iuuenes
1347 2518 1589 2563 ambitiosi
1615 2518 1933 2563 Athenienses
1957 2516 2126 2563 Dorice
2149 2517 2225 2562 uel
2248 2517 2407 2562 Ionice
2429 2516 2581 2562 dicere

226 2587 458 2635 uolebant
499 2586 654 2634 doceri
697 2587 781 2633 sed
812 2588 972 2634 Attice
1004 2603 1156 2646 neque
1188 2586 1575 2645 Thrasymachus
1623 2595 1673 2633 ut
1721 2587 1834 2634 olim
1868 2587 2154 2644 Protagoras
2198 2589 2246 2632 in
2289 2588 2582 2643 argumentis

227 2657 511 2716 disputandi
544 2657 846 2703 inueniendis
880 2659 1134 2716 acquieuit,
1165 2657 1250 2703 sed
1282 2659 1435 2715 ipsam
1478 2656 1797 2715 eloquentiam
1840 2656 2185 2702 emendandam
2228 2657 2321 2703 sibi
2362 2659 2581 2715 sumpsit.

222 2727 426 2785 denique
467 2732 578 2786 post
619 2742 658 2773 a.
693 2731 774 2773 411
810 2742 917 2774 eum
951 2727 1111 2773 Attice
1145 2729 1394 2785 scripsisse
1441 2732 1647 2773 constat:
1696 2742 1811 2772 num
1859 2728 2040 2784 putatis
2088 2740 2196 2772 eum
2243 2740 2454 2784 unquam
2501 2726 2581 2772 alii

224 2800 433 2843 sermoni
477 2810 669 2854 operam
720 2796 940 2841 dedisse?
1003 2797 1093 2841 suit
1142 2799 1287 2852 igitur
1334 2802 1444 2841 ante
1494 2796 1719 2851 Gorgiam
1768 2798 1849 2852 qui
1896 2810 2158 2841 sermonem
2207 2796 2422 2840 Atticum
2469 2798 2583 2840 artis

222 2865 410 2921 legibus
444 2867 691 2912 subiceret.

431 2933 634 2992 Scripsit
664 2934 1057 2992 Thrasymachus
1091 2934 1242 2979 Suida
1274 2940 1393 2980 teste
1426 2934 1781 2991 Συμβουλευτικούς
1803 2934 1953 2992 Ἰ“ε’χνην
1979 2933 2182 2991 ῥητορικήν
2206 2932 2582 2992 11αί·,νιαἈφορμᾶ;

220 3003 436 3061 ῥητορικάς.
498 3004 618 3049 duas
666 3007 905 3051 orationes
938 3004 1158 3062 publicas
1203 3005 1397 3049 alteram
1442 3007 1489 3049 in
1524 3005 1881 3050 Larissaeorum
1924 3020 2065 3050 usum
2097 3010 2260 3051 contra
2293 3005 2580 3050 Archelaum

222 3076 462 3131 scriptam,
507 3074 703 3120 alteram
736 3077 784 3120 in
820 3090 961 3120 usum
993 3077 1184 3120 iuuenis
1217 3077 1425 3120 nescitur
1456 3077 1590 3120 cuius
1623 3075 1935 3120 Atheniensis
1976 3077 2057 3132 qui
2094 3077 2222 3120 ciues
2263 3075 2484 3120 monebat
2524 3090 2582 3119 ne

221 3142 278 3188 de
310 3141 468 3198 πατρίαι
500 3142 692 3186 πολιτείαι
724 3146 932 3190 rixantes
964 3145 1170 3201 patriam
1202 3143 1464 3201 perderent,
1509 3146 1725 3190 extitisse
1763 3148 1979 3189 auctores
2018 3150 2132 3190 sunt
2173 3145 2372 3202 scriptor
2414 3142 2495 3188 ille
2527 3142 2583 3188 de

221 3213 360 3257 furtis
409 3215 694 3270 scriptorum
744 3215 1049 3270 antiquorum
1101 3227 1241 3269 quem
1276 3213 1496 3258 Clemens
1539 3216 1587 3258 in
1622 3212 1922 3258 Stromateon
1955 3212 2075 3258 libro
2111 3213 2178 3257 VI
2213 3213 2291 3268 [16
2322 3226 2366 3270 p.
2402 3215 2486 3258 746
2503 3212 2579 3266 I'.l

221 3281 502 3340 compilauit
534 3287 580 3329 et
612 3283 877 3340 Dionysius
920 3285 969 3328 in
1000 3283 1123 3328 libro
1160 3282 1216 3328 de
1251 3283 1530 3329 Oratoribus
1574 3285 1785 3340 antiquis
1838 3282 1916 3337 {fide
1948 3282 2070 3329 adm.
2106 3285 2154 3328 ui
2189 3282 2274 3327 dic.
2311 3284 2357 3327 in
2390 3281 2521 3328 Dem.
2556 3287 2582 3327 3
