2829 3508
239 140 305 187 καὶ
336 145 405 185 τοῦ
435 136 613 197 deamo&
641 136 774 195 ἥντινά
803 153 898 180 ποτε
926 127 1081 195 γνώμην
1111 137 1217 196 ἔχων
1246 135 1435 185 ἀντίδικος
1467 137 1686 193 καθέστηκε
1715 138 1808 195 πρὸς
1839 137 1910 194 ἐμὲ
1940 137 2005 180 καὶ
2037 139 2070 181 εἰ
2091 138 2236 195 νομίζει
2256 142 2367 182 τοῦτο
2389 137 2588 194 εὐσέβειαν

239 212 338 256 εἶναι
367 210 411 254 τὸ
441 209 511 266 τήν
542 208 690 266 μητέρα
722 208 775 265 μὴ
806 210 1025 266 προδοῦναι.
1100 208 1305 254 narratio
1352 209 1584 266 excipitur
1624 210 1726 254 uice
1769 209 2065 267 probationis
2107 210 2183 254 cui
2222 210 2273 254 in
2315 209 2404 254 hac
2442 222 2587 252 causa

236 283 372 329 loc-us
403 293 502 326 non
533 282 645 330 crat,
675 270 932 334 ὃικάιολογίαι
967 278 1091 334 [21Ι;
1127 277 1326 335 σκέψασθε
1356 275 1423 320 οὖν
1453 276 1548 320 ’ὁσωι
1578 278 1802 334 δικαιότερα
1832 278 2022 334 δεήσομαι
2055 277 2158 334 ὑμῶν
2188 278 2266 334 }3‹i›
2291 276 2317 333 ἧ
2349 278 2370 320 ὁ
2402 277 2583 334 ἀδελφός.

237 348 499 398 secundum
529 353 833 407 praeceptum
863 349 923 395 ab
956 348 1254 394 Anaximene
1295 355 1538 395 seruatum
1573 348 1638 407 [p.
1673 352 1742 401 76,
1776 349 1851 404 12]
1893 349 1961 392 ἐὰν
1997 348 2236 405 ὁμολογῆται
2275 349 2322 392 τὰ
2363 347 2583 405 πράγματα.

233 419 300 468 τὰς
331 418 400 474 μὲν
430 417 574 466 πίστεις
604 418 749 469 ἐατέον,
780 421 842 474 τῆι
873 417 916 460 δὲ
947 417 1203 474 δικαιολοῑίαι
1232 452 1241 460 .
1271 419 1510 477 .χρηστὲον.
1572 423 1779 465 ceterum
1821 421 1871 465 in
1916 421 2144 466 orationis
2188 424 2350 466 sextae
2381 434 2581 501 quoque

233 489 516 547 probatione
557 487 720 534 eadem
761 486 1001 544 &immugiet
1044 490 1333 534 testimoniis
1374 488 1812 545 adiungitur-1116]
1846 490 1882 537 ἐξ
1915 487 2038 531 αὐτῶν
2069 488 2112 531 δὲ
2144 488 2233 531 τού·
2234 506 2288 530 ων
2319 506 2397 545 70⁷0
2430 491 2582 531 uxorei»

233 556 259 598 ἅ
299 573 340 599 τε
377 554 483 599 οὗτοι
521 555 762 613 διωμόσαντο
805 555 869 598 καὶ
908 554 933 599 ἃ
965 557 1055 613 ἐῑώ,
1093 557 1237 615 πότερα
1267 556 1513 615 ἅὶηθέπερα
1550 575 1615 600 και
1656 557 1898 614 εὐορκότερα.
1968 561 2184 616 sequitur
2228 572 2282 604 ea
2327 573 2438 616 pars
2485 573 2581 615 qua

233 641 386 672 rerum
434 625 646 673 ordinem
692 626 897 684 quodam
942 626 1083 672 modo
1130 628 1312 673 turbari
1355 625 1757 674 Wilamowitzius
1804 630 2007 679 censuit,
2060 642 2147 672 nos
2194 642 2306 674 uero
2355 630 2477 672 iuste
2523 641 2576 672 ae

234 699 444 754 legitime
491 711 545 742 ea
590 698 668 753 agi
714 711 776 754 qu
782 711 835 742 ae
876 712 934 742 ex
975 699 1089 742 aitis
1122 699 1344 755 antiquae
1374 699 1635 756 praeceptis
1677 702 1788 755 post
1828 698 2157 779 probationem
2202 700 2279 754 agi
2325 697 2577 744 debebant

232 768 277 810 τὰ
310 767 402 824 πρὸς
433 766 496 809 τὸν
527 765 727 818 ἀντίδικον,
772 782 1015 814 sumemus
1047 782 1105 814 ex
1137 769 1241 827 ipso
1274 769 1409 814 initio
1445 767 1543 825 1281
1582 766 1738 824 {inopi}
1741 786 1774 809 o
1805 766 1848 810 δὲ
1881 766 2003 823 ἔρῃ
2034 771 2099 825 τῆς
2131 784 2165 810 τ
2152 767 2274 824 όὶμςη
2306 771 2372 810 τοῦ
2403 766 2577 810 ἀῦεὶωῦ

230 836 296 880 καὶ
327 840 392 893 τῆς
423 835 594 885 διανοίας
577 870 612 888 ,
654 836 696 879 τὸ
727 835 988 893 διομόσασθαι
1020 854 1115 896 υπερ
1145 841 1212 894 τῆς
1253 838 1394 896 μητρὸς
1427 836 1468 882 εἷ
1501 855 1534 882 ε.
1523 838 1643 882 ’ῗιὲνια
1683 837 1735 895 αὴ
1774 854 1821 881 πε
1824 855 1887 880 πο
1890 813 2574 893 ·1κε’να.τοῦτοΗὶᾶυθιεὲυἰῑιληι

230 911 485 966 postquam
531 909 683 966 petiit,
726 906 1035 954 callidissime
1082 907 1300 965 adiungit
1345 924 1439 954 non
1484 909 1829 968 probationem
1876 911 1952 954 cui
1990 909 2123 954 100115
2165 923 2262 955 11011
2300 914 2373 954 est
2404 911 2454 955 in
2485 909 2573 954 lia(-

231 982 379 1036 parte,
412 976 494 1024 sed
525 977 821 1036 probationis
855 977 1009 1024 simile
1041 1004 1092 1009 —-
1126 978 1473 1037 Antiphontem
1506 979 1629 1024 hanc
1662 983 1844 1037 partem
1876 994 1983 1024 011111
2015 980 2294 1036 probatione
2326 979 2573 1024 cohaerere

231 1062 327 1093 non
360 1050 579 1104 ignarum
610 1047 1072 1094 fuissedocumento
1105 1055 1220 1093 sunt
1252 1049 1397 1094 uerba
1428 1065 1483 1094 ex
1507 1055 1641 1094 sexta
1674 1051 1885 1095 oratione
1911 1049 2028 1104 1331,
2051 1064 2171 1106 (piac
2193 1063 2338 1106 supra
2358 1048 2499 1094 attuli
2518 1073 2571 1078 —-

232 1118 559 1163 testimonium
591 1115 695 1164 dico
727 1119 876 1175 patris
908 1119 1167 1171 morientiS‚
1189 1132 1282 1176 quo
1306 1117 1566 1164 aduersarii
1589 1118 1912 1164 defensionem
1936 1120 2156 1176 occupari
2174 1117 2571 1163 Wilamowitzius

230 1187 496 1244 perspexit;
515 1187 814 1245 occupationi
833 1201 943 1233 uero
963 1189 1105 1233 etiam
1122 1188 1446 1234 Anaximenes
1464 1189 1587 1234 hanc
1604 1194 1784 1247 partem
1804 1188 2075 1234 destinauit.
2135 1188 2224 1233 hoc-
2244 1190 2570 1233 testimonium

232 1268 376 1311 graue
409 1260 455 1300 et-
485 1255 762 1312 religiosum
794 1270 852 1300 ne
884 1256 1071 1314 epilogo
1104 1257 1402 1312 infringatur,
1433 1258 1556 1303 nihil
1590 1257 1780 1302 additur
1812 1260 1903 1302 nisi
1938 1261 2089 1302 sancti
2124 1272 2215 1314 quo
2235 1258 2569 1301 actm-functus

230 1332 299 1370 est
333 1324 477 1370 officii
510 1326 795 1382 significatio
828 1325 1133 1384 iudicumque
1164 1327 1443 1372 breuissima
1477 1326 1740 1372 admonitio
1774 1342 1869 1372 non
1900 1330 2002 1372 51110
2028 1327 2221 1372 deorum
2244 1327 2568 1372 aduocatione.

436 1396 537 1440 Iam
589 1398 704 1440 satis
756 1400 1059 1453 praeparatos
1107 1395 1169 1440 ad
1216 1398 1473 1442 orationem
1522 1399 1740 1454 quintam
1786 1411 1873 1442 1105
1921 1411 2191 1443 accessuros
2239 1412 2340 1441 0550
2385 1411 2570 1453 sperare

226 1467 347 1512 licet.
411 1466 546 1512 cuius
586 1470 919 1522 argumentum
950 1480 1056 1511 cum
1088 1465 1179 1511 fere
1213 1470 1363 1511 totum
1407 1467 1453 1511 in
1487 1469 1765 1525 quaestione
1805 1466 1915 1511 sacti
1955 1472 2179 1518 uersetur,
2226 1465 2567 1512 molestissima

228 1537 392 1583 existit
423 1537 679 1582 necessitas
722 1537 771 1582 in
812 1538 1057 1582 ueritatem
1105 1549 1265 1582 earum
1311 1550 1463 1582 rerum
1510 1536 1780 1594 inquirendi
1828 1551 1945 1594 quas
1993 1535 2259 1582 causidicus
2307 1550 2365 1580 110
2410 1538 2564 1593 potuit

228 1606 419 1664 quidem
450 1607 518 1652 ita
548 1621 735 1652 narrare
768 1612 820 1652 ut
850 1606 999 1652 factae
1032 1612 1177 1658 erant,
1223 1606 1414 1653 aliunde
1446 1613 1604 1653 tamen
1637 1622 1828 1653 noscere
1860 1622 1955 1652 non
1988 1607 2108 1652 licet.
2172 1609 2392 1664 quamuis
2424 1606 2567 1664 longe

228 1678 380 1724 absim
415 1677 473 1724 ab
507 1675 700 1724 illorum
740 1675 939 1722 audacia
971 1678 1052 1735 qui
1084 1676 1200 1722 talia
1230 1676 1290 1722 ad
1331 1679 1560 1723 amussim
1600 1679 1755 1723 excuti
1789 1692 1928 1735 posse
1959 1678 2224 1733 gloriantur
2270 1702 2323 1706 —
2370 1679 2564 1722 minime

227 1763 389 1794 uerum
438 1750 563 1794 enim
611 1749 770 1793 omnia
817 1747 1085 1804 quaerendo
1132 1762 1272 1806 posse
1319 1749 1595 1804 inuestigari
1642 1774 1710 1800 -,
1755 1749 1871 1794 haec
1919 1756 2076 1794 tamen
2122 1762 2218 1793 non
2261 1750 2362 1792 sine
2403 1746 2564 1804 aliqua

227 1817 540 1864 similitudine
587 1819 686 1863 ueri
725 1817 997 1864 coniectura
1033 1816 1305 1863 cnuclcasse
1344 1818 1459 1863 mihi
1497 1817 1673 1863 uidcor.
1744 1820 1862 1863 ciuis
1910 1818 2101 1876 quidam
2141 1817 2477 1874 Mytilenaeus,
2526 1819 2564 1861 15

226 1890 326 1945 ipse
360 1889 440 1946 qui
467 1901 573 1934 reus
604 1887 726 1933 hanc
760 1888 1017 1933 orationem
1049 1886 1234 1941 habuit,
1277 1901 1397 1932 naue
1437 1892 1601 1933 uectus
1634 1894 1703 1933 est
1742 1889 1931 1933 Aenum
1970 1894 2022 1932 ut
2054 1890 2227 1932 uiseret
2266 1892 2448 1944 patrem
2487 1890 2565 1943 qui

224 1956 339 2004 illuc
384 1962 495 2016 post.
540 1956 940 2015 Mytilenaeorum
986 1955 1294 2003 defectionem
1342 1963 1386 2002 et
1431 1960 1786 2015 oppressionem
1833 1973 1871 2002 a.
1906 1962 1987 2002 427
2036 1960 2332 2013 migrauerat.
2404 1958 2562 2000 5001115

223 2030 405 2074 itineris
439 2032 538 2073 era-t
568 2027 779 2072 Herodes
802 2027 1113 2072 Atheniensis
1136 2042 1244 2072 eum
1265 2027 1525 2072 Thracibus
1548 2034 1594 2073 ct
1615 2031 1818 2085 captiuis
1851 2033 1898 2072 et
1927 2028 2089 2072 liberis
2113 2029 2300 2072 Aenum
2323 2028 2559 2084 prosectu>-

224 2103 272 2142 ut
306 2099 523 2156 captiuos
555 2096 815 2142 Thracibus
846 2112 930 2154 pro
963 2100 1165 2155 pecunia
1206 2112 1347 2154 quam
1379 2097 1449 2142 illi
1490 2097 1780 2153 collegerant
1810 2100 2093 2154 Aenumque
2139 2103 2563 2154 comper-taucrant.

225 2170 271 2213 in
303 2166 571 2213 libertatem
605 2166 840 2213 uenderet.
887 2172 1166 2226 tempestate
1197 2172 1355 2214 coorta
1387 2181 1557 2212 nauem
1589 2167 1693 2214 loco
1726 2167 1914 2213 cuidam
1948 2172 2095 2212 terrae
2119 2165 2560 2224 Methynuuworum

224 2237 448 2296 appulere
495 2243 541 2282 ct
587 2253 693 2282 011111
740 2236 884 2283 aliam
926 2252 1118 2290 nauem,
1175 2253 1317 2296 quam
1365 2243 1508 2283 nauta
1555 2244 1599 2282 et
1648 2253 1814 2282 seruus
1862 2239 2213 2293 gubernabant,
2270 2235 2409 2280 iidem
2457 2236 2560 2279 loco

223 2308 475 2365 appulsam
507 2310 820 2360 inuenissent,
852 2310 900 2352 in
933 2323 1036 2352 eam
1068 2311 1242 2365 quippe
1266 2323 1382 2365 quae
1405 2313 1595 2366 eoperta
1617 2314 1756 2359 05501,
1787 2324 1845 2353 ex
1876 2311 2086 2364 ipsorum
2110 2322 2230 2352 naue
2254 2321 2349 2350 non
2372 2313 2561 2362 eoperta

224 2377 616 2424 transcenderunt
647 2383 692 2423 et
725 2393 830 2423 cum
863 2383 1009 2423 naut-a
1042 2377 1124 2423 illo
1159 2378 1316 2423 bibere
1339 2384 1605 2436 coeperunt.
1658 2378 1868 2424 Herodes
1901 2393 2007 2423 011111
2040 2377 2096 2422 dc
2128 2392 2250 2422 naue
2283 2377 2477 2421 exiisset
2508 2381 2561 2420 ut

223 2451 270 2492 in
302 2450 541 2505 propriam
572 2448 757 2499 rediret,
790 2448 1107 2504 Mytilenaeas
1140 2449 1262 2493 clam
1295 2464 1400 2493 eum
1433 2463 1570 2493 seruo
1604 2455 1776 2493 nautae
1809 2454 1998 2493 secutus
2031 2463 2138 2492 011111
2161 2446 2317 2503 lapide
2347 2449 2395 2490 in
2417 2452 2561 2501 eaput

220 2519 430 2563 coniecto
473 2519 707 2575 percussit
742 2532 1005 2575 corpusque
1037 2521 1278 2564 mortuum
1311 2533 1336 2563 a
1368 2533 1503 2563 seruo
1537 2517 1729 2564 adiutus
1763 2520 1811 2563 in
1842 2520 2078 2576 propriam
2111 2531 2281 2562 nauem
2315 2513 2559 2560 transtulit

222 2594 272 2632 ut.
303 2602 411 2632 cum
442 2589 491 2632 111
523 2586 674 2632 altum
705 2601 831 2632 mare
862 2590 1168 2646 peruenisset,
1191 2587 1398 2633 deiceret.
1449 2588 1538 2633 hoc
1570 2594 1834 2646 perpetrato
1869 2592 2061 2644 uterque
2094 2589 2142 2632 in
2165 2586 2359 2632 alteram
2382 2599 2552 2630 nauem

221 2656 471 2703 redierunt.
525 2664 620 2703 tam
653 2656 815 2702 furtim
848 2661 993 2703 totam
1026 2673 1123 2703 rem
1153 2662 1396 2713 gesserant
1419 2662 1470 2704 ut
1496 2663 1658 2710 nauta,
1691 2660 1771 2716 qui
1795 2658 1992 2705 fortasse
2014 2658 2170 2702 ebrius
2196 2655 2558 2702 obdormiuerat.

221 2725 341 2772 nihil
375 2728 569 2772 sentiret
599 2731 857 2785 posteaque
889 2726 1232 2783 Mytilenaeum
1274 2727 1330 2773 de
1370 2741 1491 2773 naue
1532 2742 1629 2775 non
1670 2727 1926 2773 (1000551550
1967 2729 2099 2771 testis
2133 2731 2267 2769 05501.
2331 2725 2557 2782 postridie

219 2811 326 2842 eum
358 2795 570 2841 Herodes
602 2797 777 2841 frustra
808 2798 1105 2853 conquisitus
1138 2802 1275 2850 esset,
1298 2798 1616 2854 Mytilenaeus
1640 2799 1753 2842 naui
1776 2800 1962 2854 propria
1987 2798 2220 2854 profectus
2251 2800 2319 2838 est
2350 2794 2554 2851 epistula

221 2872 393 2912 nautae
426 2881 563 2912 seruo
597 2866 709 2911 data
741 2881 881 2923 quam
915 2866 1098 2923 Lycino
1131 2868 1350 2924 perferret
1382 2870 1428 2911 in
1462 2867 1607 2913 Lesbi
1648 2867 1831 2912 insulae
1880 2866 2052 2924 oppido
2100 2865 2288 2920 degenti
2336 2866 2381 2908 in
2430 2863 2557 2920 quod

220 2936 338 2980 forte
370 2939 509 2981 nauis
543 2935 627 2981 illa
658 2939 745 2981 iter
777 2936 1110 2981 destinauerat.
1175 2939 1423 2983 nuntiabat
1456 2942 1615 2982 autem
1658 2936 1862 2994 epistula
1905 2935 1986 2980 illa
2020 2935 2339 2992 Mytilenaeus
2373 2934 2556 2991 Lycino

221 3020 270 3048 50
316 3006 594 3051 mandatum
642 3008 743 3050 eius
790 3011 1066 3051 exsecutum
1114 3023 1227 3051 csse.
1311 3014 1358 3051 at
1404 3006 1606 3052 Herodis
1655 3006 1818 3051 affines
1867 3020 2035 3050 nauem
2084 3005 2216 3049 illam
2263 3006 2559 3049 retinuerunt

218 3078 508 3132 naut-amque
564 3090 671 3120 011111
719 3090 855 3120 seruo
904 3077 953 3121 in
1000 3090 1153 3122 carcer
1199 3075 1528 3123 coniciendum
1576 3080 1870 3122 curauerunt.
1957 3077 2107 3132 primo
2155 3073 2290 3120 falsis
2339 3075 2556 3130 uestigiis

218 3142 399 3202 decepti
430 3160 488 3190 ne
519 3160 601 3203 per
633 3147 879 3191 tormentis
922 3145 1111 3203 quidem
1159 3161 1216 3191 ex
1260 3151 1406 3192 nauta
1451 3160 1683 3204 seruoque
1731 3148 1982 3203 quicquam
2029 3149 2340 3197 extorserunt,
2388 3144 2557 3190 deinde

218 3227 328 3258 uero
361 3229 469 3260 cum
502 3214 756 3273 epistulam
789 3230 930 3273 quam
973 3230 1137 3262 seruus
1186 3218 1235 3263 in
1281 3231 1450 3262 nauem
1497 3215 1820 3269 absconderat,
1868 3217 2178 3260 inuenissent.
2226 3230 2416 3261 seruum
2465 3216 2557 3260 sere

218 3283 377 3328 omnia
423 3284 557 3330 fateri
603 3290 868 3342 coegerunt.
948 3300 1053 3332 eum
1099 3291 1152 3331 ut,
1197 3287 1298 3331 sinc
1347 3289 1597 3332 uexatione
1644 3299 1820 3345 poenae
1868 3285 1976 3329 dare
2022 3293 2241 3344 110550111,
2291 3300 2317 3329 a
2363 3285 2555 3330 domino
