2829 3508
220 38 247 80 8

220 156 268 200 111
300 158 459 213 partes
492 159 713 200 accurate
745 153 985 213 disposita
1016 159 1102 208 est,
1134 155 1218 201 sed
1251 157 1407 208 etiam,
1425 153 1553 212 quod
1585 169 1681 201 non
1713 155 1886 200 mirum
1916 156 1967 200 in
1998 152 2343 202 declamatione
2363 155 2415 201 in
2435 171 2578 209 usum

222 223 570 283 discipulorum
614 225 899 284 conscripta,
938 223 1028 270 hae
1068 230 1227 284 partes
1266 224 1447 272 talibus
1489 230 1534 270 et
1565 226 1715 271 initiis
1747 229 1794 271 et
1824 223 2055 271 clausulis
2087 226 2349 273 instructae
2379 231 2495 274 sunt
2524 233 2579 274 ut

222 295 300 340 uel
345 297 592 354 proprium
642 297 873 353 cuiusque
918 297 1068 354 paitis
1115 311 1289 342 nomen
1337 299 1682 352 agnosceretur.
1752 297 2050 353 prooemium
2089 300 2136 342 et
2175 297 2370 355 partitio
2414 296 2573 353 [1—5]

219 364 356 411 facile
400 365 788 423 distinguuntur;
831 381 951 425 quae
994 368 1130 425 sequi
1171 365 1388 418 debebat,
1432 367 1639 412 narratio
1683 367 1862 412 omissa
1902 371 1974 412 est
2010 368 2061 412 in
2099 365 2318 425 exemplo
2351 366 2575 414 omnibus

220 442 350 487 not0,
382 435 624 481 inducitur
653 437 872 495 probatio
910 437 1116 492 16-211,
1149 439 1284 481 cuius
1317 435 1436 481 duas
1467 441 1627 494 partes
1659 438 1864 482 maiores
1895 435 2153 494 pluresque
2186 438 2394 482 minores
2427 435 2575 483 simili

219 505 498 560 gradatione
550 506 752 562 Gorgias
805 506 1027 551 distinxit
1081 506 1156 560 [cf.
1211 508 1348 551 initia
1400 510 1436 551 7.
1491 511 1528 551 8.
1585 510 1648 550 11.
1706 506 1779 559 131
1836 521 1977 563 quam
2030 508 2079 552 in
2131 505 2435 552 celeberrima
2483 503 2569 551 illa

221 578 632 631 argumentatione
679 575 900 621 adhibuit
947 589 1044 632 qua
1081 589 1234 632 neque
1275 590 1378 620 esse
1420 577 1674 633 quicquam
1715 589 1868 633 neque
1911 578 1952 621 si
1993 580 2120 622 esset
2164 576 2389 632 cognosci
2431 589 2576 634 posse

222 660 374 702 neque
425 647 466 689 si
512 646 735 701 cognosci
780 649 967 702 posset,
1020 646 1359 691 communicari
1411 644 1584 691 docuit.
1677 643 1890 691 notabile
1942 658 2053 691 uero
2105 649 2178 691 est
2224 658 2378 691 nouae
2423 645 2573 703 partis

222 715 412 760 initium
452 719 476 767 ἓ
506 718 562 760 22
601 714 791 771 βούλομαι
823 712 866 756 δὲ
899 713 996 770 μετὰ
1029 717 1150 757 ταῦτα
1182 714 1275 770 πρὸς
1306 714 1370 756 τὸν
1400 713 1614 770 κατήγορον
1645 716 1916 772 διαλεχθῆναι.
1977 714 2123 761 huius
2164 715 2314 773 partis
2356 712 2577 760 clausula

221 788 352 829 extat
382 790 407 836 ἐ
438 787 491 829 27
525 784 617 841 πρὸς
650 783 718 840 μὲν
750 780 816 826 οὖν
850 783 891 826 σὲ
922 787 1056 834 ταῦτα,
1090 783 1173 829 sed
1206 783 1507 831 subdiuisam
1539 798 1641 830 eam
1675 799 1777 829 esse
1810 798 1866 830 ex
1898 785 2231 843 praeteritione
2262 783 2348 831 illa
2379 787 2576 842 apparet

221 869 340 911 quae
381 855 505 899 inest
547 858 570 905 ἓ
601 856 655 900 27
699 853 1051 910 ἀντικατηγορῆσαι
1083 854 1125 896 δέ
1159 871 1226 896 σου
1258 855 1382 896 πολλοὶ
1415 888 1423 896 .
1455 888 1463 896 .
1495 887 1503 895 .
1536 853 1743 910 δυνάμενος
1774 852 1820 896 οὐ
1851 853 2053 911 βούλομαι.
2127 856 2303 901 omissa
2345 857 2419 899 est
2457 852 2574 899 haec

220 938 346 982 pars,
384 925 433 969 ni
479 923 633 976 fallor,
677 939 736 969 ne
787 924 1004 969 turbetur
1053 926 1266 980 grauitas
1316 926 1407 970 uiri
1459 926 1574 969 iusti
1625 926 1800 970 iniuste
1853 923 2089 977 damnati,
2135 925 2273 969 cuius
2322 924 2574 980 grauitatis

223 992 501 1040 Palamedes
555 993 824 1051 legitimum
881 994 1154 1052 exemplum
1202 1000 1324 1046 erat,
1381 996 1670 1052 unicumque
1716 995 1807 1040 hoc
1856 993 1984 1052 apud
2033 994 2257 1052 Gorgiam
2315 994 2575 1050 uestigium

219 1061 426 1119 ἠθοποιίας
472 1063 595 1110 benc
644 1063 789 1110 uelim
837 1063 1245 1110 animaduertatis.
1308 1064 1389 1110 sed
1424 1066 1617 1111 omissio
1659 1070 1756 1110 tam
1799 1070 1972 1123 aperte,
2014 1079 2073 1110 ne
2113 1063 2267 1110 (licam
2307 1063 2436 1116 dure,
2478 1077 2575 1110 non

218 1135 528 1190 pronuntiata
569 1140 692 1178 esset
736 1136 830 1179 nisi
873 1134 1125 1190 discipulis
1158 1134 1293 1179 locus
1327 1132 1644 1190 ἀντικατηγορίας
1686 1136 1841 1179 iustus
1876 1148 1927 1179 ac
1958 1133 2203 1191 legitimus
2234 1131 2574 1180 monstrandus

218 1205 380 1249 suerat.
446 1208 597 1249 totam
631 1218 743 1248 uero
776 1209 957 1261 partem
991 1218 1094 1248 eam
1128 1219 1231 1248 esse
1263 1210 1457 1262 apparet
1489 1218 1632 1261 quani
1665 1210 1711 1248 et
1742 1204 2066 1249 Anaximenes
2111 1204 2203 1259 176,
2238 1207 2302 1249 16.
2344 1206 2414 1256 82,
2445 1202 2494 1258 41
2530 1206 2576 1248 et

218 1272 507 1318 Aristoteles
554 1273 692 1327 lrhet.
728 1274 757 1315 l'
792 1277 845 1319 13
877 1288 920 1330 p.
958 1278 1069 1319 1414
1102 1275 1131 1319 b
1165 1280 1202 1319 9.
1270 1278 1318 1319 17
1352 1288 1395 1331 p.
1434 1275 1590 1320 1418b
1625 1274 1672 1328 51
1714 1273 1759 1315 τὰ
1793 1274 1885 1330 πρὸς
1917 1273 1980 1315 τὸν
2012 1272 2203 1316 ἀντίδικον
2243 1272 2488 1332 appellant
2530 1277 2575 1317 et

222 1343 299 1388 hic
332 1341 640 1400 appendicem
684 1344 984 1401 probationis
1029 1357 1132 1389 esse
1170 1343 1349 1396 definit,
1397 1343 1478 1389 1110
1520 1349 1630 1401 post
1671 1343 2001 1401 probationem
2042 1358 2126 1402 pro
2169 1348 2302 1401 parte
2343 1341 2575 1398 singulari

218 1411 489 1474 ponendam
522 1427 625 1457 esse
658 1412 806 1458 docet.
882 1411 1009 1470 quod
1043 1412 1174 1458 addit
1208 1412 1304 1457 illic
1336 1413 1394 1458 ab
1430 1418 1702 1458 accusatore
1741 1418 2022 1468 argumenta
2053 1414 2118 1457 rei
2152 1410 2428 1470 occupanda
2458 1425 2575 1463 csse,

217 1496 245 1525 a
276 1497 354 1527 reo
392 1484 729 1538 occupationes
773 1485 1064 1527 accusatoris
1096 1481 1383 1532 refutendas,
1415 1484 1621 1527 concinit
1655 1496 1762 1526 cum
1796 1484 1862 1526 eis
1897 1496 2016 1539 quae
2046 1480 2332 1527 Aristoteles
2374 1480 2488 1526 dicit
2527 1480 2573 1522 τὰ

218 1550 287 1605 μὲν
319 1554 432 1592 λῦσαι
465 1550 639 1593 &seiza
670 1552 716 1593 τὰ
750 1551 793 1593 δὲ
828 1555 1095 1608 συλλογισμῶι.
1129 1567 1224 1597 11011
1264 1553 1469 1596 concinit
1511 1551 1588 1596 uel
1628 1552 1787 1609 potius
1828 1566 1923 1596 non
1967 1558 2179 1597 accurate
2219 1552 2427 1596 concinit
2466 1565 2573 1596 cum

220 1621 426 1676 Gorgiae
467 1619 738 1678 exemplari.
802 1636 954 1679 neque
997 1624 1123 1668 enim
1156 1621 1434 1667 Palamedes
1475 1622 1521 1667 id
1564 1623 1664 1678 agit
1710 1626 1764 1666 ut
1797 1635 1915 1679 quac
1947 1620 2113 1667 Vlixes
2151 1620 2354 1680 protulit
2390 1619 2574 1671 refutet,

217 1689 300 1734 sed
325 1695 387 1734 .ut
419 1692 736 1735 accurationis
770 1693 1002 1736 rationem
1035 1694 1084 1736 in
1117 1691 1339 1748 despectu
1372 1698 1520 1748 ponat
1552 1690 1727 1736 illudat
1758 1690 1972 1736 debilitet
2008 1691 2084 1746 [cf.
2110 1693 2166 1735 22
2197 1688 2300 1738 ἄξιον
2331 1691 2574 1744 καταμαθεῖν

216 1758 294 1807 οἷος
336 1757 386 1801 ὢν
429 1759 492 1801 υἷα
536 1759 659 1814 λέγεις
700 1758 752 1807 εἷς)
794 1758 944 1809 ἀνάξω-
984 1759 1076 1809 ἀνξα
1081 1758 1191 1815 Zmil:
1240 1760 1376 1806 illum
1425 1762 1527 1805 sine
1574 1761 1778 1806 testibus
1821 1774 2069 1806 accusasse
2111 1765 2156 1805 et
2197 1774 2317 1817 quac
2358 1761 2479 1804 inter
2526 1772 2575 1803 se

217 1831 456 1876 contraria
499 1832 606 1876 sint
681 1845 833 1910 neque
871 1835 1029 1876 tamen
1063 1829 1194 1876 deest
1227 1832 1551 1889 occupationis
1583 1831 1804 1888 quamuis
1836 1830 1942 1875 leue
1974 1831 2234 1912 uestigium
2269 1828 2395 1885 1231;
2439 1827 2574 1884 φήσεις

216 1898 307 1947 ἴσως
339 1897 422 1943 ἴσον
454 1915 486 1942 3.
476 1916 551 1942 *νια
583 1900 630 1941 τὸ
663 1915 704 1942 σε
736 1915 777 1941 τε
808 1903 878 1942 τῶν
909 1900 1136 1956 γενομένων.
1169 1918 1219 1948 υς
1252 1917 1296 1942 συ
1326 1900 1412 1958 φής.
1447 1900 1500 1957 1ιή
1531 1898 2470 1958 παρεχεσθαι·1οἱοτ1ραςτ(1ντεμὴγενομενων
2493 1897 2574 1953 ἑμε.

217 1975 458 2026 praeterea
483 1970 635 2015 multo
665 1970 874 2016 uiuidior
899 1935 953 2016 tit
982 1985 1033 2017 or
1035 1972 1147 2023 atio,
1182 1973 1273 2015 iam
1300 1984 1406 2015 reus
1437 1985 1531 2016 uon
1563 1970 1736 2028 probat
1767 1969 1850 2015 sed
1882 1972 2077 2024 rixatur,
2104 1969 2297 2015 01Ηο11100
2328 1967 2574 2027 pullulant

216 2042 611 2096 interrogationes
668 2054 795 2086 aeres
854 2047 897 2085 ct
945 2043 1176 2086 oratoriae
1234 2046 1284 2085 ut
1329 2055 1426 2085 non
1474 2042 1576 2085 sine
1622 2055 1768 2085 causa
1815 2041 2163 2085 Anaximenem
2220 2039 2368 2085 huius
2422 2041 2571 2096 partis

216 2111 508 2167 exposItioni
546 2117 797 2168 praecepta
835 2110 1068 2168 quaedam
1111 2109 1167 2154 de
1211 2109 1542 2165 interrogando
1590 2116 1633 2154 et
1666 2109 1996 2167 respondendo
2041 2110 2132 2165 181,
2169 2109 2243 2164 161
2292 2109 2570 2154 adiunxisse

217 2179 411 2224 eluceat.
477 2179 680 2237 denique
721 2183 899 2235 insigni
939 2180 1224 2235 gradatione
1267 2195 1321 2223 ex
1365 2194 1442 2223 reo
1486 2180 1539 2223 fit
1581 2185 1826 2224 accusator
1864 2181 2016 2236 primo
2055 2181 2374 2224 accusationis
2407 2181 2572 2235 ipsiUS,

217 2257 318 2295 tum
359 2252 508 2295 totius
554 2250 765 2295 hominis
803 2253 852 2295 in
894 2249 1218 2307 ἀντικατ·ι,-,ὀρίαι.
1280 2252 1420 2295 tinem
1456 2251 1682 2294 orationis
1716 2249 1824 2294 facit
1858 2248 2083 2294 allocutio
2117 2247 2327 2294 iudicum
2360 2254 2405 2293 et
2435 2247 2492 2293 de
2524 2264 2574 2293 se

214 2321 320 2375 ipso
358 2320 366 2373 1
381 2320 485 2372 28Ι;
519 2319 662 2374 πρὸς
633 2336 654 2359 ι
686 2319 783 2374 1μάε
768 2351 796 2368 ,
822 2317 854 2359 ὦ
872 2317 1006 2374 ἄνδρες
1028 2318 1164 2374 κριταὶ.
1188 2317 1272 2374 περὶ
1297 2322 1466 2373 ἐμαυτοῦ
1489 2318 1677 2373 βούλομαι
1701 2320 1820 2359 εἰπεῖν
1852 2326 1897 2364 et
1929 2321 1986 2364 (10
2018 2320 2229 2364 iudicum
2263 2318 2418 2363 officio
2446 2318 2571 2371 [3311

215 2388 346 2428 >omo-⁶
389 2387 431 2428 ὖὲ
473 2404 518 2428 π·
503 2386 558 2443 ιρὶ
602 2387 706 2442 ¹·3guw
744 2388 836 2444 πρὸς
876 2387 973 2443 ὑμᾶς
1011 2386 1089 2429 ἐστί
1129 2405 1193 2442 μοι
1226 2387 1348 2442 λόγος,
1388 2384 1430 2428 ὃν
1463 2387 1575 2428 εἰπὼν
1607 2387 1804 2442 παύσομαι
1835 2392 1901 2443 τῆς
1933 2386 2155 2442 ἀπολογίας.
2198 2387 2398 2433 ultimus
2438 2387 2573 2432 locus

216 2456 789 2514 (1111111100111111111110111,
822 2456 1046 2513 ὑπομνήσει,
1080 2473 1176 2502 non
1210 2459 1313 2502 sine
1346 2455 1522 2502 callida
1553 2456 1763 2503 iudicum
1796 2460 2066 2515 captatione
2102 2457 2218 2513 1371.

426 2527 566 2572 Nacti
598 2529 744 2582 igitur
775 2542 943 2573 sumus
976 2531 1151 2572 certam
1185 2526 1425 2584 quandam
1459 2526 1708 2572 formulam
1742 2529 1949 2585 partium
1981 2527 2308 2584 legitimarum
2342 2526 2572 2571 orationis

214 2599 262 2643 in
297 2596 473 2643 iudicio
508 2611 535 2641 a
567 2611 643 2642 100
676 2596 882 2643 habond
874 2612 928 2642 le
961 2599 1027 2642 ita
1059 2598 1387 2642 constitutam:
1423 2595 1530 2653 προοί
1536 2613 1589 2652 μ’.
1587 2613 1630 2647 ν,
1662 2596 1902 2652 (διήγησιν).
1942 2596 2144 2646 ἀπόδειξιν.
2176 2596 2223 2638 τὰ
2256 2612 2348 2653 προς
2380 2612 2443 2637 τον
2475 2594 2552 2636 ἀντ

213 2669 317 2709 ὄικον
357 2681 464 2713 011111
507 2683 831 2725 αιιιαήροι
873 2667 920 2709 τὰ
961 2684 1053 2725 προ’
1091 2667 1178 2714 ⁶:03:
1221 2666 1382 2709 ὂ.καστεὶ
1390 2684 1403 2691 ⁶
1446 2664 1531 2723 περὶ
1574 2668 1665 2709 ἑα1τ
1668 2670 1713 2708 οἷ
1756 2672 1801 2712 ct
1844 2683 1893 2708 73
1879 2665 1928 2724 -οἶ,
1971 2683 2104 2710 αυτων
2145 2665 2195 2708 37
2185 2665 2365 2722 'igumenon‘
2450 2665 2575 2710 hanc

214 2737 467 2783 ioimulam
505 2740 803 2783 inueneritne
839 2738 1041 2794 Gorgias
1080 2753 1140 2783 an
1174 2739 1232 2783 ab
1275 2738 1368 2782 alio
1411 2740 1655 2782 inuentam
1701 2709 1938 2795 receperit,
1976 2752 2196 2794 quaerere
2234 2751 2361 2782 nunc
2394 2736 2573 2787 differo,

213 2806 297 2851 sed
329 2807 808 2865 circumspiciendum
842 2822 944 2852 esse
982 2807 1099 2852 duxi
1131 2822 1247 2852 nuni
1280 2809 1570 2852 accuratiora
1600 2809 1709 2852 sciri
1741 2809 1929 2864 possint
1962 2820 2069 2852 cum
2102 2806 2159 2852 (10
2190 2805 2397 2852 formula
2429 2808 2573 2851 actori

214 2875 454 2921 destinata
490 2882 592 2921 tum
626 2875 683 2921 de
716 2891 773 2921 ea
803 2882 935 2934 parte
977 2879 1026 2921 in
1060 2892 1153 2933 qua
1185 2876 1329 2920 huius
1363 2876 1594 2920 formulae
1638 2879 1904 2933 proprietas
1948 2875 2174 2921 conclusa
2215 2880 2288 2920 est
2328 2875 2421 2919 fere
2458 2879 2574 2926 tot-a,

213 2945 271 2990 de
302 2945 543 3003 colloquio
577 2962 684 2991 cum
718 2945 1004 2991 aduersario.
1070 2952 1121 2991 ut
1152 2946 1242 2990 1100
1284 2945 1387 2991 loco
1421 2946 1503 2991 ubi
1536 2948 1583 2991 in
1629 2945 1873 2992 saeculum
1908 2951 2131 3003 quartum
2164 2943 2445 2990 descendere
2477 2958 2574 2989 non

214 3020 367 3066 uacat,
398 3015 604 3060 breuiter
635 3014 1037 3073 comprehendam
1062 3030 1183 3072 quae
1214 3015 1362 3070 longa
1395 3029 1535 3072 opera
1568 3015 1682 3060 olim
1715 3017 1894 3060 eruisse
1917 3016 2035 3060 mihi
2068 3014 2244 3066 uideor,
2277 3014 2452 3070 Lysias
2484 3016 2573 3058 etsi

213 3087 417 3140 vestigia
452 3086 676 3141 antiquae
708 3086 984 3141 partitionis
1018 3087 1245 3133 seruauit,
1291 3084 1438 3129 libere
1482 3100 1554 3129 res
1589 3084 1839 3141 disponere
1880 3090 1926 3129 et
1955 3090 2112 3141 partes
2145 3087 2266 3129 inter
2297 3098 2347 3127 se
2379 3084 2573 3127 miscere

213 3155 382 3212 coepit,
414 3153 580 3199 Isaeus
614 3169 724 3199 uero
760 3155 920 3199 onmia
954 3155 1101 3198 uariis
1135 3154 1275 3199 nodis
1309 3153 1610 3210 uinculisque
1643 3156 1765 3200 inter
1796 3169 1846 3199 se
1883 3158 2123 3199 conectere
2155 3167 2208 3199 ac
2241 3153 2420 3198 uincire
2451 3151 2575 3197 solet

213 3222 350 3270 nulla
388 3225 598 3282 partium
641 3229 766 3269 certa
814 3222 1136 3277 distinctione,
1184 3230 1379 3282 uterquc
1426 3228 1583 3270 astute
1630 3224 1843 3271 nouandi
1889 3223 2200 3271 studiosiores
2249 3236 2391 3280 quam
2436 3236 2571 3281 prae-

213 3300 457 3353 ceptorum
489 3295 793 3352 antiquorum
833 3295 1047 3353 artisque
1080 3308 1269 3339 severae
1302 3296 1581 3352 capaciores.
1647 3294 1703 3339 de
1736 3295 1942 3339 Isocrate
1974 3300 2020 3339 et
2052 3292 2374 3340 Demosthene
2405 3291 2572 3337 multis
